2023 3299
1028 206 1080 245 22

298 321 531 377 aegerrime
562 321 669 363 ferre
700 325 825 375 atque
858 332 948 361 eam
981 321 1334 375 emendationem,
1377 334 1501 376 quam
1535 311 1825 374 Kiesslingius

295 394 421 448 (apud
452 393 791 446 Ostermayerum
824 392 874 433 de
907 392 998 432 hist.
1029 392 1109 434 fab.
1152 393 1194 433 in
1228 407 1332 434 com.
1366 393 1499 434 Plaut.
1533 393 1630 433 diss.
1665 390 1827 445 Gryph:

296 464 407 504 1884
439 477 474 517 p.
507 462 578 516 38)
614 463 891 517 excogitavit:
926 463 1098 502 cretatos
1129 461 1270 517 Syros,
1301 464 1326 504 i.
1359 476 1392 504 e.
1425 462 1513 508 τοὺς
1547 460 1819 516 ,Χευκοσύρους

294 535 398 576 1111111
421 535 541 577 valde
563 535 762 576 arridere.
811 533 926 583 Quae
958 532 994 573 si
1016 538 1127 576 recta
1160 539 1233 588 est,
1265 536 1401 576 eidem
1418 535 1647 577 Ptolemaei
1678 537 1821 576 contra

294 607 516 649 Cassandri
548 607 687 661 copias
719 606 977 660 expeditioni
1011 607 1255 648 ascribenda
1296 612 1378 660 est,
1420 609 1488 649 cui
1522 606 1821 660 Paplelayonas

293 680 333 718 et
364 676 570 731 Sinopas,
608 690 656 718 ac
695 678 878 732 profecto
914 676 1122 719 Diodorus
1163 679 1186 718 1.
1219 679 1242 718 l.
1275 682 1416 719 narrat
1447 678 1638 718 Amisum
1689 676 1822 730 ipsius

292 751 419 791 huius
449 750 635 804 regionis
666 751 849 791 vicinam
891 763 914 790 a
945 749 1182 792 Ptolemaeo
1216 750 1433 791 obsidione
1464 750 1681 791 liberatam
1714 758 1820 789 esse.

405 821 638 876 Hucusque
684 823 825 862 omnia
876 822 1106 876 perspicua.
1168 807 1413 877 Sequuntur
1461 821 1630 862 nomina
1680 821 1821 861 iocose

295 884 390 935 ficta
421 897 462 935 et
491 894 640 948 partim
674 906 728 935 ex
759 894 931 935 historia
965 892 1216 936 Graecorum
1259 894 1437 936 fabulari
1479 894 1676 948 repetita,
1713 903 1822 946 quae

292 967 343 1008 ad
366 980 432 1008 res
456 966 540 1008 illis
563 966 820 1021 temporibus
841 970 981 1021 gestas
1003 968 1155 1009 referre
1178 968 1304 1008 nimis
1325 967 1605 1022 periculosum
1631 964 1818 1016 videtur3

293 1039 406 1094 quod
437 1040 547 1081 inter
589 1052 637 1080 ea
683 1043 819 1080 exstat
849 1038 1051 1091 Libyam,
1098 1040 1269 1081 offendit
1297 1043 1462 1094 propter
1494 1038 1820 1080 collocationem.

293 1111 339 1153 Si
371 1125 520 1153 sanum
553 1116 626 1165 est,
657 1111 779 1152 facile
812 1112 971 1165 cogites
1003 1111 1053 1152 de
1085 1112 1352 1166 expeditione
1390 1125 1414 1152 a
1444 1110 1684 1152 Ptolemaeo
1715 1108 1822 1164 Lagi

290 1185 377 1226 filio
409 1185 611 1226 adversus
642 1183 800 1237 Libyae
831 1188 978 1238 gentes
1019 1198 1052 1225 a.
1084 1185 1164 1224 311
1208 1185 1335 1237 facta,
1380 1184 1430 1225 de
1474 1197 1556 1238 qua
1596 1183 1821 1224 edocemur

291 1258 563 1312 inscriptione
596 1257 861 1311 Aegyptiaca
893 1256 960 1309 (cf.
994 1255 1239 1309 Droysenus
1271 1256 1313 1296 ΙΙ
1344 1270 1380 1310 p.
1415 1254 1511 1309 69);
1558 1255 1632 1297 sed
1674 1268 1819 1310 quam-

291 1344 416 1385 quam
448 1343 521 1385 per
552 1343 595 1371 se
627 1343 711 1371 non
744 1329 994 1371 offendimus
1025 1330 1069 1369 in
1102 1342 1162 1382 eo,
1194 1329 1305 1383 quod
1327 1327 1532 1369 Demetrii
1563 1328 1685 1369 miles
1715 1327 1819 1369 alio-

286 1417 381 1444 rum
410 1404 596 1444 facinora
628 1402 706 1444 sibi
742 1402 950 1454 vindicat,
991 1406 1130 1443 tamen
1161 1403 1206 1442 id
1237 1402 1314 1443 1100
1346 1401 1516 1456 quidem
1549 1401 1640 1442 loco
1669 1413 1818 1455 parum

292 1476 379 1516 veri
420 1476 557 1516 simile
590 1475 804 1516 videbitur
835 1475 1200 1516 considerant-ibus
1243 1475 1331 1516 sola
1361 1474 1568 1529 Antigoni
1599 1473 1815 1528 legionum

290 1547 399 1588 bella
431 1561 562 1602 usque
585 1549 720 1589 adhuc
749 1552 1074 1590 commemorata
1105 1560 1206 1601 esse,
1239 1548 1366 1588 unius
1397 1560 1451 1589 ex
1481 1548 1553 1600 eis,
1583 1545 1817 1588 Ptolemaei

291 1619 384 1660 dico
416 1620 524 1660 intra
555 1633 685 1661 annos
709 1622 790 1661 315
823 1625 864 1662 et
896 1623 978 1661 312
1010 1622 1132 1675 gesti,
1162 1621 1434 1662 subtilissime
1456 1618 1646 1675 singulas
1667 1622 1817 1674 partes.

291 1691 465 1733 Accedit
495 1691 619 1732 aliud.
664 1692 873 1733 Posterior
904 1694 984 1734 loci
1015 1707 1109 1747 pars
1139 1717 1193 1722 —
1226 1694 1311 1734 scil.
1355 1694 1454 1734 inde
1494 1706 1519 1733 a
1549 1692 1732 1734 Peredia
1761 1715 1818 1720 -—-

291 1768 400 1805 certe
441 1765 614 1818 partim,
658 1768 703 1805 ut
748 1765 897 1806 docent
937 1767 1108 1808 nomina
1138 1765 1342 1807 Perediae
1388 1768 1430 1806 et
1458 1764 1751 1813 Perbibesiae‚
1791 1758 1816 1805 a

291 1834 439 1877 Plauto
470 1837 560 1891 ipso
592 1836 758 1877 condita
789 1840 872 1882 est,
915 1839 957 1878 ni
989 1837 1128 1889 fallor,
1169 1841 1253 1877 tota
1292 1837 1343 1878 ad
1376 1849 1472 1877 eum
1504 1836 1632 1889 redit,
1677 1848 1816 1890 neque

291 1909 402 1949 enim
434 1921 610 1963 graecus
641 1912 761 1962 poeta
787 1905 1141 1962 Κενταυρομαχίαν
1173 1913 1324 1949 terram
1357 1908 1486 1949 ullam
1517 1909 1651 1962 potuit
1681 1908 1814 1949 nomi*-

290 1992 401 2033 nare,
435 1979 625 2033 quamvis
647 1980 865 2032 iocaretur,
897 1992 971 2020 nec
1002 1979 1133 2020 habeo
1167 1980 1277 2033 quod
1302 1992 1455 2021 nomen
1484 1978 1674 2021 Glctssz'ae
1705 1979 1813 2022 Um)—

288 2052 506 2092 mammiac
549 2052 599 2093 ab
643 2064 689 2093 eo
734 2052 959 2106 profectum
1003 2065 1092 2093 esse
1137 2053 1302 2093 credam
1346 2053 1396 2093 ab
1432 2054 1695 2094 Amazonum
1726 2065 1812 2093 non

288 2128 425 2177 gente,
457 2137 602 2165 verum
634 2125 820 2165 exercitu
854 2125 1097 2178 derivatum,
1137 2125 1187 2165 de
1219 2137 1289 2165 ora
1324 2128 1465 2165 autem
1504 2123 1812 2166 Conterebrom—

288 2196 364 2237 m'a
396 2209 443 2237 eo
475 2197 614 2237 minus
656 2200 735 2237 stat
765 2197 992 2250 iudicium,
1037 2198 1147 2252 quod
1189 2210 1240 2238 ne
1272 2197 1468 2239 Plautina
1511 2198 1683 2252 quidem
1726 2211 1809 2239 vox

288 2269 423 2310 adhuc
453 2274 545 2323 apte
577 2270 783 2324 explicata
815 2275 884 2311 est.
945 2270 1091 2325 Itaque
1124 2270 1313 2323 Libyam,
1355 2285 1450 2312 cum
1481 2284 1559 2313 nec
1589 2272 1711 2313 facile
1742 2285 1807 2314 re—

285 2341 441 2383 feratur
480 2342 532 2383 ad
572 2355 636 2383 res
677 2357 698 2383 a
729 2343 1089 2397 Therapontigono
1122 2343 1388 2398 Platagidoro
1420 2348 1559 2399 gestas
1600 2347 1641 2385 et
1671 2348 1808 2386 exstet

286 2415 395 2456 inter
423 2415 616 2469 nomina,
659 2428 763 2469 quae
795 2417 928 2457 iocose
974 2416 1069 2457 ficta
1101 2420 1198 2457 sunt
1229 2420 1353 2471 atque
1383 2430 1600 2458 romanam
1638 2418 1808 2472 sapiunt

287 2487 505 2541 originem,
537 2492 775 2543 corruptum
808 2489 909 2529 mihi
932 2489 1097 2530 videtur
1126 2502 1285 2543 proque
1317 2502 1364 2531 eo
1397 2489 1494 2531 olim
1528 2489 1643 2531 aliud
1675 2489 1804 2532 exsti-

286 2556 383 2598 tisse
416 2561 646 2599 monstrum
682 2559 872 2600 vocabuli
905 2564 943 2601 et
974 2561 1111 2615 ipsum
1143 2574 1256 2602 mere
1286 2561 1543 2603 Plautinum.

240 2686 244 2698 ι
398 2628 584 2684 Exposui
627 2631 897 2687 pluribusque
945 2633 1153 2687 explicavi
1196 2633 1510 2675 Wilamowitzii
1551 2634 1800 2686 sententiam

213 2720 217 2732 ι
282 2704 404 2754 atque
436 2702 739 2745 demonstrasse
781 2706 880 2745 mihi
923 2706 1066 2747 videor
1105 2706 1264 2760 oinnia‚
1307 2719 1413 2761 quae
1454 2707 1498 2747 in
1541 2706 1621 2747 hac
1659 2701 1800 2748 fabula

281 2773 445 2826 insunt,
488 2774 539 2815 ad
595 2789 749 2817 annum
784 2778 864 2818 302
909 2782 948 2820 et
984 2780 1176 2834 proxime
1216 2782 1438 2834 sequentes
1477 2779 1624 2821 referri
1666 2792 1799 2835 posse,

282 2845 505 2887 dummodo
546 2845 605 2888 ne
627 2849 670 2888 in
702 2849 880 2904 singulis
919 2852 1044 2893 nimis
1084 2853 1223 2907 arguti
1263 2843 1406 2894 simus.
1466 2848 1609 2894 Posita
1651 2855 1713 2894 est
1751 2853 1798 2893 in

280 2929 349 2971 eo,
393 2922 439 2959 ut
478 2932 533 2960 vs.
567 2921 650 2961 394
681 2935 746 2977 sq.¹
781 2926 1033 2979 oppugnatio
1076 2923 1269 2978 Sicyonis
1317 2939 1350 2967 a.
1384 2925 1467 2967 303
1521 2938 1546 2967 a
1582 2923 1796 2968 Demetrio
