2023 3299
959 268 1015 310 58

237 391 306 431 1110
338 390 401 429 bis
432 387 595 439 erravit,
628 398 707 426 non
740 384 833 424 ideo
865 382 963 423 licet
992 383 1034 423 in
1071 383 1313 424 universum
1356 383 1406 424 de
1439 383 1530 425 eius
1559 384 1642 426 fide
1674 385 1750 426 du-

238 462 378 502 bita-ne
439 458 625 509 Accedit
658 456 766 510 quod
801 468 847 495 00
880 457 1076 507 tempore
1109 467 1191 508 quo
1209 454 1577 497 Menaechmorum
1609 469 1751 498 exem-

238 535 350 588 plum
383 532 548 573 doctum
580 534 651 581 est,
683 529 824 606 optimi
858 530 1002 583 poetae
1033 527 1117 580 iam
1149 540 1293 568 omnes
1327 526 1412 568 fere
1438 529 1591 569 mortui
1623 532 1752 582 er,ant

240 606 330 659 alii,
374 609 418 645 ut
459 604 668 653 Philemo,
708 601 825 655 gravi
877 602 1090 640 senectute
1132 590 1447 653 premebantur
1490 600 1754 656 Posidippus,

240 691 361 732 quem
406 677 526 717 tertio
570 678 659 729 post
689 672 965 714 Menandrum
998 671 1241 712 defunctum
1285 685 1394 713 anno
1425 673 1587 714 fabulas
1628 674 1751 733 0110ξο

238 750 420 803 coepisse
442 747 591 788 Suidas
623 750 766 786 auctor
797 748 867 795 est,
901 746 1061 797 praeter
1091 757 1236 784 omnes
1269 744 1391 785 lande
1419 746 1578 799 poetica
1599 730 1751 786 floruit.

238 822 422 862 Vertisse
454 820 733 860 Romanorum
765 820 905 871 poetas
949 816 1039 857 eius
1070 816 1232 857 fabulas
1265 816 1424 858 Gellius
1459 817 1499 858 ΙΙ
1531 818 1584 857 23
1618 818 1750 859 docet.

238 893 406 945 Quodsi,
435 896 478 932 ut
499 892 539 931 in
566 891 772 945 prooemio
796 888 1079 942 exposuimus,
1111 889 1477 942 praestantissimis
1497 889 1749 931 Graecorum

238 966 368 1020 poetis
410 964 579 1005 comicis
611 963 825 1003 Plautinas
856 960 1093 1001 comoedias
1126 961 1338 1001 vindicare
1378 961 1439 1001 fas
1483 965 1564 1014 est,
1604 975 1628 1002 a
1659 974 1752 1002 sen—

238 1038 366 1079 tentia
411 1040 550 1077 nostra
596 1038 635 1075 et
681 1037 843 1088 propter
890 1036 1124 1086 temporum
1169 1034 1351 1074 rationes
1404 1034 1487 1074 veri
1535 1033 1664 1074 simili
1711 1038 1753 1076 et

237 1109 443 1150 Athenaei
485 1107 721 1148 testimonio
765 1105 1005 1146 confirmata
1056 1118 1138 1146 non
1179 1109 1274 1146 ante
1317 1105 1581 1153 recedemus,
1625 1119 1750 1160 quam

238 1182 473 1235 exemplum
508 1179 871 1221 Menaechmorum
915 1190 998 1218 non
1039 1190 1158 1231 posse
1189 1177 1407 1232 Posidippi
1450 1190 1539 1219 esse
1580 1178 1751 1220 demon-

237 1258 409 1295 stratum
442 1254 528 1294 erit.

235 1326 356 1368 Hanc
386 1325 567 1366 fabulam
601 1325 782 1378 excipiat

239 1438 702 1500 Trinummus‚

240 1556 360 1597 quam
394 1542 443 1583 ad
477 1542 714 1596 exemplum
732 1542 931 1583 Thesauri
948 1541 1245 1583 Philemoneae
1275 1541 1426 1582 factam
1458 1553 1548 1582 esse
1579 1540 1752 1595 prologo

239 1616 470 1656 edocemur.
531 1614 773 1655 Charmides
804 1628 932 1656 senex
974 1615 1016 1655 in
1051 1614 1285 1672 {eleuciam
1318 1614 1523 1668 profectus
1554 1616 1617 1655 est
1646 1625 1753 1654 mer-

239 1691 404 1728 caturae
445 1700 568 1728 causa
610 1691 649 1727 et
679 1700 869 1728 reversus
899 1687 1036 1728 filium
1068 1674 1334 1740 corruptum,
1377 1699 1462 1727 rem
1502 1686 1751 1727 familiarem

237 1773 455 1809 comesam,
489 1760 655 1800 domum
689 1760 967 1801 venundatam
1000 1759 1123 1800 videt.
1183 1759 1307 1800 Unde
1338 1760 1549 1813 sequitur,
1594 1761 1639 1799 ut
1669 1771 1752 1813 quo

236 1836 419 1886 tempore
471 1832 659 1873 Philemo
710 1833 890 1873 fabulam
934 1833 1099 1886 scripsit
1143 1832 1328 1872 Athenae
1375 1834 1543 1885 pacatae
1585 1830 1752 1884 fuerint,

239 1901 359 1954 Syria
390 1901 497 1942 bello
538 1915 620 1942 non
653 1906 801 1943 vexata
842 1903 905 1943 sit.
966 1888 1188 1943 Praeterea
1219 1902 1388 1942 nomine
1419 1899 1636 1942 Seleuciae
1668 1897 1749 1941 n'on

239 1974 383 2015 urbem
426 1988 449 2015 a
488 1973 660 2015 Seleuco
690 1974 883 2016 Nicatore
915 1975 1145 2027 conditam,
1187 1987 1331 2015 verum
1375 1976 1527 2014 terram
1568 1972 1750 2027 aliquam

238 2045 389 2086 dictam
421 2057 509 2085 esse
537 2032 648 2085 inter
680 2058 822 2085 omnes
855 2049 1014 2087 constat
1042 2048 1209 2099 propter
1242 2057 1276 2085 V.
1310 2044 1416 2084 845:
1457 2032 1474 2042 ⁸*
1514 2036 1518 2037 ⁷

351 2116 540 2156 Advenio
572 2130 620 2157 ex
652 2116 849 2167 Seleucia,
884 2117 1149 2169 Illncedoizia,
1186 2116 1292 2157 Asia
1325 2119 1446 2168 atque
1478 2114 1646 2155 Arabia

237 2193 359 2243 atque
392 2189 702 2230 concedendum
736 2193 797 2230 est
816 2189 1013 2231 Plautum
1044 2190 1337 2231 subaudivisse
1368 2192 1532 2230 terram.
1576 2187 1752 2229 Minime

237 2261 349 2302 idem
380 2264 538 2302 certum
570 2265 631 2302 est
663 2262 712 2302 de
743 2275 891 2320 graeco
911 2265 1051 2322 PBG&-
1114 2261 1248 2311 Quam
1281 2263 1392 2303 enim
1425 2273 1571 2303 censes
1600 2263 1754 2302 terram

239 2333 351 2373 hunc
393 2334 665 2374 nominasse?
727 2335 792 2374 An
836 2319 1085 2375 Σελευγᾏίὸαῗ
1148 2336 1205 2376 Α1
1249 2334 1322 2375 vix
1365 2333 1566 2376 credibile
1609 2336 1671 2375 est
1709 2332 1753 2374 id

239 2418 388 2446 nomen
432 2406 689 2459 provinciae,
731 2407 840 2460 quod
882 2407 1001 2448 nobis
1042 2406 1210 2447 demum
1257 2419 1309 2447 ex
1341 2406 1568 2447 Posidonio
1609 2408 1755 2447 notum

239 2480 320 2529 cst,
361 2476 538 2517 Athenis
569 2478 609 2517 in
643 2490 792 2518 scaena
823 2482 1065 2533 usurpatum
1099 2491 1188 2519 esse
1218 2478 1343 2532 paulo
1383 2481 1476 2532 post
1516 2477 1650 2532 ipsam
1688 2477 1753 2518 in-

238 2550 423 2590 stitutam
454 2550 720 2603 provinciam,
753 2564 828 2591 nec
859 2552 1054 2593 convenit
1086 2565 1120 2592 V.
1144 2552 1240 2604 845,
1271 2550 1345 2592 ubi
1376 2554 1513 2592 cetera
1537 2554 1755 2604 terrarum,

238 2635 320 2662 non
352 2622 625 2676 satrapiaium
668 2628 764 2664 sunt
795 2625 975 2665 nomina.
1038 2621 1227 2686 §deputa
1268 2623 1384 2664 nulla
1416 2636 1614 2678 umquam
1647 2625 1766 2690 terra⁴

239 2695 453 2735 nominata
483 2698 555 2744 est,
588 2695 721 2748 potuit
752 2696 869 2736 dici'
853 2713 917 2750 r,
902 2699 968 2736 τοῦ
989 2695 1088 2736 „eis
1092 2695 1199 2746 ύκου,
1231 2696 1320 2737 3011.
1341 2695 1477 2750 χώρας
1519 2695 1591 2736 3οᾱ
1614 2680 1754 2736 tamen

218 2767 342 2807 ,1111111
374 2767 542 2820 quidem
575 2768 704 2808 multo
737 2769 901 2810 videtur
931 2769 1189 2824 probabilius
1207 2768 1497 2810 Philemonem
1522 2765 1759 2834 Σελεύκοιαν

239 2839 435 2893 oppidum
467 2839 517 2879 ad
550 2839 748 2881 Orontem
780 2842 904 2882 situm
937 2853 1224 2895 nuncupasse,
1268 2839 1380 2894 quod
1410 2839 1510 2880 inde
1555 2853 1579 2880 a
1608 2839 1756 2894 primis

241 2911 328 2952 suis
361 2911 481 2952 annis
512 2916 656 2952 notum
699 2912 777 2952 fuit
809 2914 1052 2968 emporium.
1113 2912 1288 2962 Quando
1320 2911 1536 2952 conditum
1568 2911 1644 2959 311
1683 2923 1754 2951 ne-

243 2979 420 3032 scimus3
466 2994 543 3035 ego
577 2982 771 3035 equidem
818 2996 901 3023 non
933 2983 1102 3037 dubito,
1144 2983 1246 3037 quin
1289 2981 1411 3036 paulo
1452 2984 1544 3035 post
1573 2993 1759 3036 pugnam
