1988 3273
965 222 1015 242 ·)¹)

234 331 469 375 Poliorccta
508 333 615 374 facta
654 333 936 388 &glutit-etur,
977 353 1022 376 :u-
1065 338 1260 379 facillime
1300 339 1467 392 quidem
1521 345 1560 380 ct
1602 341 1659 381 illi
1712 346 1752 382 ct

235 406 384 447 ceteris
425 405 527 447 viris
568 405 698 447 doctis
730 408 919 449 accidere
951 411 1104 463 potuit,
1146 415 1190 451 ut
1222 410 1526 452 mibilissimum
1561 413 1651 452 cius
1694 413 1752 453 rei

235 476 476 530 exemplum
501 482 725 527 sumerent,
757 479 789 518 si
814 478 976 519 fabulae
997 479 1282 532 ‹·‹·nve11iebat,
1312 485 1446 522 vetera
1471 483 1754 535 nogl‹=gc·1·‹·ut.

234 545 317 588 Sed
348 548 574 602 complura,
605 549 638 588 si
673 549 793 603 paulo
824 549 1017 590 subtilius
1059 553 1099 592 in
1132 551 1312 592 fabulam
1347 553 1617 606 inquirimus,
1661 567 1752 593 seu-

233 619 405 662 tentiam
439 634 563 675 supra
594 618 846 673 explicatam
880 620 1057 661 reddunt
1087 621 1337 662 dubitatitmi
1371 622 1605 663 obnoxiam.
1652 626 1752 663 (Jur-

233 690 444 733 culionem
477 691 698 733 audientes
729 696 1018 745 exspectamus
1059 705 1208 746 graves
1251 693 1429 746 impetus
1461 695 1659 735 adversus
1691 695 1754 735 si-

235 776 410 818 cyonem
442 765 572 805 factos
604 777 706 814 esse,
739 764 928 805 obsessos
960 766 1042 804 acri
1074 765 1211 806 studio
1245 766 1409 807 moenia
1449 767 1683 808 defendisse
1715 773 1755 808 et

234 837 410 892 sagittas
440 837 753 891 catapultasque
798 837 839 877 in
883 837 1175 891 aggredientes
1217 838 1375 879 iecisse.
1437 840 1477 879 Si
1514 839 1752 890 Diodorum,

235 907 520 963 Plutarchum,
551 908 811 961 Polyaenum
846 908 1112 962 inspicimus,
1158 910 1215 949 nil
1249 911 1432 950 istorum.
1466 910 1649 951 -Urbcm
1683 911 1752 951 ad-

235 982 404 1023 modum
438 981 652 1022 dit'fic-ile'm
685 993 775 1022 esse
813 980 863 1021 ad
897 982 1226 1035 expugnandum
1257 982 1453 1023 ‹clocuerat
1493 996 1626 1023 annus
1659 984 1753 1037 313,

235 1067 364 1109 quare
395 1053 635 1096 Demetrius
674 1054 854 1108 primum
901 1053 1039 1094 dolum
1083 1055 1363 1107 excogitavit,
1409 1068 1490 1108 quo
1530 1054 1754 1096 Ptolemaei

236 1126 391 1168 milites
421 1126 677 1167 incautiores
709 1125 900 1166 redderet
931 1126 1140 1179 <Pon-aen.
1165 1126 1224 1166 [V
1259 1128 1294 1179 7,
1315 1128 1372 1178 3),
1405 1127 1554 1168 deinde
1587 1132 1752 1168 noctu

235 1199 402 1240 moenia
421 1199 598 1251 transiit,
629 1210 765 1238 arcem
789 1202 926 1238 autem
946 1197 1183 1250 Sit-yoniam
1209 1211 1288 1238 non
1309 1199 1575 1253 oppugnavit,
1609 1212 1751 1240 verum

236 1273 282 1311 ut
311 1268 393 1310 sibi
424 1269 656 1310 traderetur
687 1268 824 1309 effecit
855 1268 1060 1322 praesidio
1090 1271 1204 1309 metu
1236 1271 1532 1309 tormentorum
1567 1269 1753 1322 perculso

236 1340 375 1395 (Diod.
407 1341 496 1382 XX
540 1341 692 1394 102‚2)
742 1344 782 1382 et
827 1341 1003 1395 pecunia
1049 1345 1240 1395 corrupto
1284 1340 1409 1391 (Plut.
1453 1339 1632 1381 Demetr.
1665 1340 1753 1394 25).

235 1414 366 1457 Urbis
407 1418 547 1456 autem
580 1413 840 1468 expugnatio
883 1426 963 1454 non
1009 1419 1089 1454 tam
1131 1413 1361 1454 obsidionis
1403 1414 1559 1454 ratione
1605 1413 1755 1454 nobilis

233 1487 342 1529 facta
373 1490 436 1528 est
466 1499 589 1541 quam
623 1498 684 1539 eo,
715 1485 826 1540 quod
848 1484 1086 1526 Demetrius
1118 1498 1209 1526 eam
1242 1485 1283 1525 in
1317 1484 1445 1525 alium
1478 1485 1612 1525 locum
1646 1484 1755 1525 tran—

235 1560 364 1602 stulit.
437 1558 566 1600 Porro
615 1557 881 1599 Curculionis
932 1557 1055 1598 verba
1099 1557 1170 1607 (vs.
1203 1557 1284 1596 442
1318 1555 1420 1610 sqq.)
1476 1555 1756 1596 consideranti

231 1630 341 1672 mihi
372 1643 455 1671 non
486 1629 530 1670 id
561 1629 715 1670 mirum
739 1629 915 1680 videtur,
948 1628 1056 1683 quod
1075 1627 1273 1668 Graeciae
1296 1628 1578 1681 occupationis
1600 1627 1754 1667 mentio

237 1714 320 1743 non
362 1701 429 1755 fit,
473 1714 569 1742 nam
612 1713 660 1742 eo
697 1699 939 1742 Demetrius
986 1700 1237 1740 Poliorcetes
1282 1699 1396 1740 venit
1427 1697 1643 1749 liberator,
1684 1697 1755 1738 sed

235 1774 366 1815 miror
396 1773 592 1827 equidem
626 1771 780 1812 bellum
828 1785 922 1812 cum
956 1771 1130 1811 Rhodiis
1171 1771 1279 1811 male
1309 1775 1473 1824 gestum
1507 1781 1755 1810 commemo-

235 1845 332 1898 rari,
363 1844 668 1886 nobilissimam
701 1847 824 1897 atque
851 1843 1133 1884 felicissimam
1165 1844 1207 1883 in
1231 1842 1414 1896 Cyprum
1447 1840 1755 1895 expeditionem

230 1918 286 1971 (a.
319 1917 417 1968 306)
463 1916 610 1958 omitti.
671 1915 732 1957 Ea
771 1920 908 1957 autem
953 1917 1160 1970 praeclara
1203 1916 1407 1966 facinora,
1461 1926 1565 1967 quae
1607 1912 1756 1953 Thera-

238 1991 468 2046 pontigono
493 1988 771 2042 ascribuntur,
802 1988 927 2043 longe
959 1989 1154 2042 pleraque
1186 1989 1295 2028 intra
1324 1999 1455 2028 annos
1488 1986 1569 2025 316
1603 1989 1642 2025 et
1673 1985 1754 2024 312

226 2066 355 2116 gesta
383 2065 495 2115 sunt,
526 2074 658 2102 unum
688 2060 832 2101 saltem
876 2073 957 2100 non
991 2072 1158 2100 necesse
1200 2064 1262 2100 est
1292 2059 1389 2099 huic
1419 2057 1594 2111 tempori
1637 2055 1753 2096 abiu-

236 2134 380 2188 dicari,
411 2147 542 2176 unum
574 2137 735 2175 tantum
766 2145 924 2174 annum
957 2133 1037 2173 312
1072 2131 1275 2173 excedere
1307 2131 1481 2172 videtur.
1551 2129 1675 2182 Atqui
1708 2140 1756 2169 ca

236 2206 288 2249 ab
319 2207 444 2248 attico
474 2209 606 2261 poeta,
636 2206 672 2247 si
704 2205 805 2260 quid
839 2204 971 2257 video,
1003 2217 1050 2245 eo
1082 2204 1255 2245 consilio
1288 2203 1454 2244 laudata
1484 2205 1600 2254 sunt,
1646 2204 1688 2242 ut
1719 2204 1759 2241 et

239 2279 291 2322 ad
321 2291 388 2321 res
418 2291 517 2321 vere
547 2282 688 2333 gestas
720 2278 926 2332 pertinere
956 2281 995 2318 et
1027 2290 1128 2331 quas
1167 2277 1219 2318 ad
1250 2289 1317 2317 res
1348 2276 1581 2330 pertineant
1621 2273 1758 2314 statim

238 2355 540 2408 cognoscerent
569 2355 821 2406 spectatores
852 2350 1128 2391 Athenienses
1140 2348 1201 2404 *);
1243 2362 1343 2390 num
1381 2348 1512 2403 igitur
1543 2345 1758 2387 credemus

355 2453 391 2500 *)
417 2453 657 2488 Athenienses
684 2451 764 2487 dico
792 2457 828 2487 et
854 2451 1005 2486 Athenis
1033 2460 1320 2493 unamquamque
1356 2448 1528 2493 palliatae
1554 2445 1759 2481 comoediae

237 2514 403 2552 fabulam
419 2515 535 2560 primo
555 2514 698 2549 doctam
725 2524 804 2549 esse
822 2514 1000 2555 existimo,
1027 2511 1095 2546 nisi
1112 2511 1185 2546 alia
1202 2510 1423 2546 dissuadent.
1464 2509 1566 2553 Quod
1585 2508 1760 2543 Dziatzko

187 2611 190 2617 ,
237 2577 277 2613 in
301 2588 390 2614 mus.
418 2577 532 2612 Rhen.
560 2577 627 2611 vol.
656 2576 774 2612 XXIV
801 2587 834 2620 p.
855 2578 922 2610 574
951 2574 1030 2609 adn.
1055 2579 1075 2607 ὅ
1101 2572 1206 2607 dicit:
1234 2573 1328 2617 „Die
1349 2571 1588 2617 yrt'echischen
1614 2569 1761 2605 Dichter

223 2640 324 2676 uber
347 2639 507 2675 mochten
531 2638 666 2684 infolqe
692 2638 828 2673 lokaler
855 2638 1056 2672 [nem-essen
1085 2637 1188 2678 (etim
1213 2636 1293 2670 weil
1319 2635 1376 2669 die
1400 2633 1529 2669 Smclcc
1558 2633 1596 2666 in
1622 2631 1760 2666 andern

243 2701 397 2738 Stddten
423 2702 480 2737 als
503 2701 623 2736 Athen
645 2705 762 2736 euers-t
788 2711 853 2735 zur
871 2699 1105 2743 Anffithruny
1130 2697 1273 2741 kametz)
1301 2697 1469 2732 auu-eilen
1495 2696 1597 2730 elnon
1623 2693 1761 2729 andern

243 2763 465 2808 Schauplatz
483 2766 570 2798 etatt
595 2762 657 2798 des
670 2761 936 2808 qen-‹ilmlichen
954 2760 1127 2803 wiilzlen,“
1156 2763 1254 2793 certe
1277 2769 1346 2792 non
1366 2756 1548 2792 satisfacit
1573 2755 1644 2797 rci3
1681 2764 1760 2788 nani

222 2825 312 2861 etsi
341 2825 534 2860 nonnullas
569 2823 715 2859 fabulas
751 2823 867 2868 primo
904 2822 984 2857 aliis
1019 2821 1055 2854 in
1087 2819 1230 2865 oppidis
1262 2819 1387 2854 doctas
1420 2829 1498 2854 esse
1534 2828 1604 2851 non
1638 2815 1761 2858 utiquc

239 2886 457 2932 negaverim,
483 2889 604 2921 tamen
630 2895 702 2920 non
719 2885 835 2920 solum
853 2881 1062 2925 Menander,
1091 2891 1213 2916 verum
1233 2881 1342 2916 etiam
1359 2879 1527 2923 Diphilus
1542 2875 1761 2921 Sinopensis,

228 2948 404 2985 Philemo
431 2947 658 2994 Syracusius,
684 2945 901 2992 Apollodori
926 2948 963 2981 et
989 2943 1175 2989 Carystius
1201 2946 1238 2979 et
1262 2942 1395 2978 Gelow:
1422 2941 1500 2974 sere
1526 2938 1677 2975 Athenis
1703 2935 1761 2971 de-

1431 3007 1453 3029 .)
1468 3004 1488 3026 22
