1988 3273
906 231 908 233 ’
940 228 961 266 4
973 227 985 266 1

199 329 406 382 Succedat

201 447 506 518 Captivi.

314 551 580 608 Singularem
630 553 754 595 huius
796 553 959 595 fabulae
1011 556 1117 597 inter
1158 555 1373 598 Plautinas
1419 559 1717 611 condicionem,

199 637 325 680 quam
347 625 527 688 prologi
570 630 920 685 quoqp—efflauctor
950 629 1339 670 commemoratione
1374 630 1544 685 dignam
1577 633 1720 672 existi-

203 697 334 739 mavit
375 699 448 749 (vs.
483 699 534 738 53
567 699 684 753 sqq.),
716 697 890 739 Brixius
924 699 978 749 (iu
1014 701 1134 754 praef.
1167 701 1263 741 edit.
1296 706 1383 742 tert.
1417 717 1451 757 p.
1483 705 1524 743 45
1565 717 1613 744 co
1645 717 1717 745 cx—

202 769 359 825 plicare
381 774 555 811 conatus
586 774 659 824 est,
691 775 736 811 ut
755 770 928 812 Plautus
961 773 1391 831 mcdiaccomocdiae
1423 775 1603 817 fabulam
1632 789 1720 818 vcr-

200 843 309 896 10111,
337 843 508 897 parasiti
540 855 758 897 personam
790 844 963 885 fortasse
1006 846 1056 886 de
1096 859 1171 887 suo
1203 846 1418 888 addiderit.
1480 848 1554 889 Cui
1589 850 1721 904 suspi-

202 915 313 957 cioni
345 915 457 956 haud
490 916 703 956 minimam
738 919 898 970 partem
932 917 972 957 id
1006 918 1144 960 favere
1175 918 1351 972 videtur,
1391 921 1501 974 quo‘d
1533 934 1638 975 quae
1670 922 1721 963 ad

201 1000 268 1030 res
298 1001 492 1030 romanas
500 992 711 1050 spectant
741 993 902 1030 tantum
945 1003 1026 1030 non
1073 990 1212 1032 omnia
1243 990 1425 1051 Ergasili
1459 993 1594 1033 ve1bis
1626 1007 1722 1034 con-
1749 1007 1753 1034 ι

201 1038 422 1102 ffintur
419 1061 482 1113 (ef.
517 1061 562 1102 Ε.
593 1060 761 1116 Herzog
792 1062 835 1102 in
869 1062 1066 1103 Fleckeis
1099 1076 1191 1104 nor.
1223 1043 1373 1104 aunall.
1406 1065 1501 1119 phil.
1543 1079 1576 1106 a.
1612 1067 1719 1107 1876

201 1146 238 1189 p.
270 1133 354 1174 363
384 1134 500 1188 sqq..)
559 1133 713 1176 Tamen
762 1147 856 1176 eum
899 1135 1102 1175 iudicium
1146 1134 1344 1176 fefellisse
1388 1136 1458 1176 vix
1506 1142 1567 1177 051
1611 1140 1720 1192 quod

202 1205 496 1248 demonstrem.
547 1206 640 1248 Nou
674 1208 859 1262 respexit
889 1207 953 1248 vir
983 1208 1167 1261 alioquin
1191 1208 1528 1249 accuratissimus
1559 1211 1719 1252 mediae

201 1279 442 1322 comoediae
474 1283 614 1334 poetas
645 1282 727 1320 tam
771 1292 852 1335 n9n
886 1279 987 1320 tales
1017 1279 1178 1341 fabulas
1208 1280 1512 1335 composuisse,
1556 1279 1718 1335 qualem

201 1350 469 1406 Captivorum
510 1352 752 1407 exemplum
782 1351 862 1393 sibi
893 1351 1017 1393 finxit
1049 1352 1165 1403 (dicit
1195 1352 1286 1405 „ein
1322 1352 1457 1393 reims
1487 1351 1719 1393 anz'lz'en-

199 1423 485 1478 rithrstiicle‘),
531 1428 576 1466 ut
615 1429 757 1466 contra
800 1425 872 1465 vix
903 1426 1042 1466 minus
1074 1424 1285 1483 acerbiore
1316 1425 1400 1466 sale
1445 1438 1544 1466 suae
1575 1426 1720 1467 aetatis

199 1497 390 1539 homiues
422 1497 598 1552 populos
636 1510 703 1539 res
733 1497 924 1539 instituta
955 1497 1274 1552 perstrinxerint
1315 1511 1439 1558 quam
1471 1497 1643 1553 Eupolis
1681 1504 1744 1540 01,

201 1569 516 1629 ΑΞ51001101105,
548 1582 628 1611 non
663 1571 871 1624 reputavit
901 1571 1320 1630 parasiti-personam
1349 1570 1551 1625 singulari
1583 1571 1720 1612 studio

202 1645 328 1697 atque
368 1654 508 1683 amore
551 1641 602 1683 ab
647 1643 887 1702 41111ρ113110
932 1642 1326 1705 {Subulo—*Alexide
1367 1643 1574 1684 excultam
1619 1657 1752 1692 csse,=

202 1727 287 1756 non
319 1714 615 1755 animadvertit
644 1714 826 1769 denique
857 1715 1053 1756 Plautum
1086 1716 1255 1756 omnino
1287 1727 1500 1756 servorum
1533 1719 1572 1757 01
1603 1730 1718 1770 para-

201 1787 388 1856 sitorum
409 1799 605 1841 personas
635 1787 828 1854 libgljfls
840 1791 1035 1841 tractasse
1058 1787 1339 1842 libentiusque
1372 1787 1432 1828 eis
1462 1801 1558 1829 suos
1590 1789 1719 1842 ipsius

202 1861 316 1902 iocos
346 1859 512 1902 dedisse
536 1873 661 1914 quam
693 1861 797 1902 aliis.
846 1860 960 1902 Inter
980 1874 1112 1902 novae
1145 1861 1280 1915 potius
1301 1861 1538 1902 comoediae
1559 1860 1720 1903 fabulas

203 1945 407 1994 graecum
449 1931 715 1989 Captivorum
766 1933 1005 1988 exemplum
1052 1933 1335 2001 quaerendum
1380 1946 1469 1974 esse
1512 1934 1575 1974 vel
1622 1934 1718 1976 iude

202 2005 461 2061 perspicitur,
493 2004 604 2059 quod
634 2005 746 2063 bellp
776 2005 827 2046 ab
854 2006 1014 2047 Aetolis
1045 2009 1163 2060 gesto
1195 1998 1489 2060 argumentum
1521 2006 1612 2047 cius
1643 2007 1718 2046 uiti

203 2089 286 2119 non
317 2076 473 2130 potuit,
517 2077 759 2131 priusquam
794 2078 928 2119 Aetoli
971 2079 1013 2118 in
1056 2076 1181 2118 rebus
1219 2090 1463 2132 graecarum
1505 2077 1742 2118 civitatum‘

204 2148 366 2204 aliquid
398 2148 536 2190 valere
579 2153 825 2204 coeperunt,
858 2133 921 2190 id
956 2149 1066 2204 quod
1111 2149 1279 2191 demum
1314 2149 1542 2207 Alexandri
1575 2149 1717 2204 Magni

203 2210 462 2276 temporibus
497 2221 654 2262 factum
694 2224 767 2262 est.
831 2220 924 2262 Non
967 2222 1098 2275 igitur
1127 2220 1355 2274 habemus,
1399 2221 1508 2276 quod
1539 2220 1719 2275 Ergasili

202 2306 423 2350 personam
454 2292 506 2334 ab
536 2293 661 2351 attico
692 2293 884 2350 exemplo
917 2293 1089 2345 afuisse,
1132 2292 1177 2334 id
1217 2296 1356 2334 autem
1400 2293 1450 2334 ab
1482 2293 1720 2349 Aptiphane

203 2366 271 2408 vel
300 2355 607 2408 Anaxandrida
637 2364 852 2406 conditum
884 2377 974 2406 esse
1005 2368 1248 2406 statuamus.

319 2437 408 2481 Iam
451 2450 549 2480 vero
588 2437 729 2480 fabula
772 2437 872 2480 inde
903 2438 1073 2492 pendet,
1111 2437 1222 2492 quod
1265 2436 1373 2479 bello
1413 2438 1522 2478 inter
1553 2437 1721 2478 Aetolos

204 2515 246 2556 et
263 2511 389 2554 Eleos
418 2514 565 2552 exorto
587 2510 841 2577 Aristophon
864 2510 1107 2552 adulescens
1128 2509 1303 2551 Aetolus
1324 2512 1467 2565 captus
1495 2513 1566 2562 est,
1597 2523 1718 2564 quem

203 2589 252 2628 ut
289 2583 470 2627 redimat
515 2583 656 2640 Hegio
699 2586 815 2638 pater
866 2583 956 2624 cius
1004 2581 1188 2636 captivos
1238 2581 1362 2624 Eleos
1412 2585 1721 2623 commercaztm

204 2657 440 2711 Quaeritur,
471 2656 638 2711 quando
669 2655 775 2698 illud
806 2655 962 2697 bellum
993 2658 1158 2709 gestum
1189 2655 1253 2696 sit.
1301 2655 1436 2708 Atque
1467 2654 1636 2708 Aetolos
1667 2666 1719 2694 ex

204 2743 288 2787 quo
321 2728 561 2771 Alexandro
591 2727 748 2784 Magno
779 2732 941 2770 mortuo
972 2739 1172 2790 gmecag
1178 2727 1366 2787 civitates
1406 2727 1457 2767 ad
1489 2726 1718 2768 libcltatem

201 2800 530 2858 recuperandam
569 2801 612 2842 in
653 2814 768 2842 arma
807 2802 1179 2852 consurrexerunt,
1221 2811 1384 2853 semper
1421 2798 1609 2839 videmus
1650 2799 1720 2850 015,

205 2876 279 2932 qui
309 2872 595 2930 gubernacula
626 2873 748 2928 regni
780 2872 1054 2915 Macedonum
1087 2871 1294 2924 tenebant,
1326 2870 1556 2925 Antipatro,
1596 2869 1744 2921 Poly-v

204 2947 441 3006 perchonti,
485 2944 739 3001 Cassandro,
783 2944 995 2988 Demetrio
1027 2945 1198 2986 infestos
1239 2955 1328 2985 esse
1375 2946 1415 2984 et
1443 2942 1567 2984 simul
1599 2946 1721 2998 atque

1824 651 1856 661 fi·
