2023 3299
1005 181 1060 221 28

395 305 510 347 Haec
559 302 691 357 igitur
735 298 1057 341 consideiemus
1129 295 1488 376 Pyrgqpolynices
1537 295 1581 336 in
1631 293 1797 336 Seleuci

281 380 393 434 regis
425 389 545 418 usum
577 373 884 416 mercennarios·
916 369 1133 422 conducit,
1171 369 1244 424 qui
1275 381 1455 423 iegnum
1487 369 1579 410 eius
1609 370 1798 409 tutentur

253 452 352 502 ¹(vs.
388 450 440 489 75
472 461 552 501 sq.,
584 446 665 486 949
698 436 787 498 sq).
849 441 1069 483 Seleucum
1100 402 1338 504 Nicatorem
1372 452 1463 481 esse
1505 440 1549 480 in
1582 438 1796 501 propatulo

281 526 360 574 est,
399 533 494 561 nam
538 519 588 559 de
619 516 846 558 serioribus
878 496 1177 567 temporibus&
1164 516 1379 567 propterea
1420 511 1596 566 cogitari
1639 510 1797 565 nequit,

282 594 392 647 quod
423 593 612 651 Ephesus
656 589 754 630 inde
786 589 836 629 ab
869 602 901 628 a.
934 587 1035 650 208
1047 587 1170 651 regni
1201 584 1536 627 Ptolemaeorum
1571 583 1669 625 urbs
1699 587 1798 637 erat,

283 669 321 709 91
371 669 508 707 autem
551 662 736 704 Seleucis
778 659 1080 711 Antiochisque
1136 658 1287 699 rivales
1333 661 1373 699 et
1420 654 1583 698 inimici
1636 668 1800 711 semper

282 742 459 781 fuerunt.
519 736 632 789 Ergo
673 734 831 774 Alazon
876 734 975 790 post
995 744 1028 772 a.
1062 731 1169 789 306,
1210 734 1305 771 ante
1337 743 1371 771 a.
1404 730 1484 770 281
1530 730 1684 784 scripta
1724 731 1800 789 est.

284 810 445 853 Deinde
476 807 630 862 Ephesi
663 807 841 847 latrones
873 790 1044 845 Seleuco
1076 803 1253 845 conduci
1285 815 1368 843 11011
1402 805 1637 856 potuerunt,
1666 800 1800 842 donec

284 883 382 925 urbs
412 883 455 923 in
487 879 691 943 Demetrii
722 882 921 944 potestate
952 880 1059 930 erat,
1099 877 1188 931 ipse
1220 888 1315 917 cum
1347 887 1394 916 90
1430 874 1586 916 bellum
1617 873 1800 929 gerebat.

284 954 466 1009 Cogitari
498 953 628 1006 igitur
658 954 790 1006 potest
822 950 871 990 de
903 963 935 989 a.
945 948 1072 1010 299,
1113 959 1195 1015 (1110
1227 947 1467 989 Demetrius
1498 959 1592 987 cum
1625 945 1801 987 Seleuco

283 1028 447 1069 foedere
491 1029 531 1067 et
561 1024 760 1066 affinitate
792 1014 1038 1064 coniunctus
1068 1011 1211 1062 contra
1242 1020 1531 1061 Ptolemaeum
1575 1019 1626 1060 de
1658 1006 1802 1060 Coele-

284 1114 331 1142 91
335 1113 396 1140 ria
434 1102 474 1140 et
506 1097 729 1138 Phoenicia
760 1095 940 1136 certavit.
1002 1092 1265 1145 Quamquam
1308 1092 1407 1132 huic
1441 1091 1629 1146 opinioni
1660 1091 1801 1132 nescio

287 1186 339 1213 an
371 1185 406 1212 v,
440 1170 521 1211 950
554 1172 771 1224 repugnet,
802 1180 882 1220 (1110
915 1179 1134 1208 monemur
1164 1165 1329 1206 Seleuci
1361 1165 1482 1205 teiris
1524 1163 1681 1205 bellum
1710 1163 1804 1205 illa-

287 1250 374 1286 tum
415 1255 505 1285 esse
549 1242 614 1283 vel
645 1242 886 1292 1919119919,
933 1253 1030 1280 nam
1073 1253 1106 1280 a.
1138 1240 1222 1280 299
1267 1239 1358 1279 eius
1389 1238 1543 1279 milites
1586 1237 1628 1277 in
1662 1222 1804 1278 Coele-

288 1316 439 1369 syriam
485 1315 565 1369 ipsi
606 1314 869 1368 irruperunt,
909 1325 992 1353 non
1032 1324 1076 1353 se
1117 1311 1402 1352 defenderunt.
1475 1309 1630 1351 Contra
1669 1312 1806 1352 cetera

289 1389 393 1430 bene
425 1387 690 1428 conveniunt.
736 1384 856 1425 Miles
887 1384 1008 1438 paulo
1039 1387 1134 1424 ante
1157 1383 1343 1424 Athenas
1366 1382 1592 1444 advenerat
1622 1381 1806 1434 indeque

291 1459 549 1500 meretricem
590 1457 834 1509 abstuleiat,
877 1469 971 1496 cum
1002 1440 1207 1496 Demetrii
1251 1454 1404 1495 classes
1447 1454 1490 1494 in
1535 1454 1641 1494 maii
1672 1452 1808 1494 Phoe-

291 1531 401 1571 nicio
453 1532 586 1580 erant3
632 1528 861 1570 Pleusicles
906 1530 1044 1568 autem
1097 1539 1277 1581 magnae
1327 1522 1391 1567 191
1439 1525 1632 1580 publicae
1683 1538 1810 1566 causa

292 1602 552 1657 Naupactum
593 1586 858 1650 91119191,99
898 1600 1075 1654 profecto
1119 1599 1314 1657 audimus
1345 1612 1379 1639 a.
1413 1599 1495 1639 300
1531 1598 1809 1639 Athenienses

292 1658 386 1717 cum
428 1674 589 1715 Aetolis
624 1673 770 1714 foedus
811 1673 937 1714 inisse
983 1671 1239 1714 91Ε19199111
1280 1685 1304 1712 a
1336 1670 1567 1712 Cassandro
1599 1670 1809 1712 obsessam

291 1746 549 1797 liberasse*).
623 1744 738 1786 Haec
778 1743 907 1798 igitur
946 1746 1137 1784 accurate
1180 1743 1288 1784 inter
1329 1755 1374 1783 se
1413 1740 1690 1794 conveniunt,
1729 1740 1810 1782 alio

294 1817 445 1859 ducere
477 1816 642 1857 videtur
672 1829 708 1855 v.
742 1814 844 1867 050,
887 1815 959 1867 (1111
1002 1816 1048 1855 111
1075 1814 1248 1854 fortasse
1289 1825 1372 1853 non
1413 1812 1536 1852 nimii
1567 1811 1812 1866 pendendus

295 1892 352 1931 ita
399 1889 561 1944 negligi
606 1888 762 1939 nequit.
835 1887 1007 1928 Accedit
1053 1886 1178 1927 aliud.
1239 1886 1287 1926 Iu
1334 1884 1545 1944 prooemio
1591 1884 1813 1926 docuimus

296 1974 487 2016 graecam
519 1959 702 2001 fabulam
733 1959 958 1999 Alazonem
991 1959 1166 2000 inscribi
1203 1971 1284 1999 11011
1317 1945 1521 2012 potuisse,
1564 1957 1648 1998 nisi
1679 1957 1814 1998 virtus

271 2017 528 2077 ἀλαζονείας
560 2031 743 2071 militum
774 2031 953 2071 solorum
986 2031 1151 2085 propria
1180 2030 1287 2071 facta
1319 2032 1438 2077 esset,
1469 2028 1581 2069 unde
1611 2029 1815 2083 sequitur,

300 2092 344 2146 ut
391 2105 493 2145 haec
534 2115 708 2157 persona
747 2115 868 2156 saepe
921 2107 955 2142 a*
984 2096 1118 2142 novae
1159 2101 1399 2142 comoediae
1449 2101 1583 2155 poetis
1628 2099 1816 2142 adhibita

296 2177 422 2217 fuerit
450 2174 621 2228 fabulis,
664 2187 758 2215 cum
790 2174 935 2214 Militis
967 2173 1206 2228 exemplum
1238 2173 1498 2214 conderetur.
1559 2171 1816 2226 Comparatis

299 2249 446 2290 ceteris
478 2260 567 2288 eam
600 2246 967 2301 complectentibus
997 2259 1082 2287 non
1115 2246 1292 2286 multum
1323 2244 1576 2299 proficimus,
1616 2245 1816 2296 quoniam

299 2320 401 2361 tales
432 2323 541 2360 certe
571 2319 656 2359 iam
687 2317 814 2358 altera
845 2317 999 2358 saeculi
1032 2317 1169 2369 quarti
1203 2317 1358 2358 decade
1390 2321 1506 2358 actae
1537 2320 1646 2372 sunt,
1687 2311 1818 2358 veluti

300 2392 517 2434 Menandri
561 2390 819 2431 Misumenos
865 2391 927 2442 (cf.
958 2391 1036 2445 frg.
1068 2390 1151 2430 340
1181 2389 1273 2442 K),
1317 2402 1365 2430 99
1410 2402 1463 2430 ne
1502 2389 1603 2431 inde
1645 2389 1818 2441 quidem

301 2465 523 2516 quicquam
553 2466 687 2517 potest
716 2462 871 2516 colligi,
902 2462 1012 2514 quod
1032 2461 1391 2516 Pyrgopolynices
1415 2461 1528 2503 haud
1558 2475 1692 2516 pauca
1721 2475 1818 2504 cum

302 2602 482 2645 faniilia‘·';
519 2601 582 2637 sed
612 2602 813 2636 trimenizcm
849 2612 912 2636 nec
945 2601 1059 2636 latine
1092 2600 1291 2635 formatum
1324 2603 1361 2634 et
1396 2602 1495 2634 certe
1529 2609 1552 2634 a
1583 2599 1715 2634 Plauto
1747 2609 1822 2635 non

241 2700 245 2707 ,
303 2664 476 2707 scriptum
503 2668 566 2698 est.
610 2663 797 2698 Traditam
824 2663 934 2707 igitur
958 2663 1150 2698 lect-ionem
1176 2666 1317 2697 mutare
1343 2672 1416 2696 non
1442 2661 1568 2705 ausim,
1595 2661 1766 2706 quoniam
1791 2661 1824 2698 si

255 2715 258 2725 “
302 2723 347 2758 9(1
373 2725 523 2759 alteram
548 2724 711 2759 fabulam
736 2725 951 2769 pertinebat,
978 2725 1041 2760 ille
1066 2724 1176 2759 facile
1202 2723 1323 2768 potuit
1350 2723 1515 2758 oblivisci
1540 2723 1734 2768 corrigere.

419 2785 452 2829 ἢ
479 2785 536 2820 Ad
560 2786 654 2820 hunc
673 2797 803 2820 annum
830 2786 943 2820 solum
967 2786 1162 2831 pertinere,
1191 2795 1283 2829 quae
1300 2784 1533 2820 PausaniasI
1550 2786 1606 2829 26,
1621 2787 1654 2829 3,
1680 2785 1715 2821 X
1731 2786 1822 2829 18,7

301 2845 464 2890 tradidit,
490 2850 589 2883 recte
615 2847 819 2883 observavit.
844 2848 1052 2895 Droysenus
1078 2847 1124 2892 ΙΙ,
1151 2849 1240 2890 241,
1281 2856 1387 2892 quem
1413 2849 1559 2882 secutus
1595 2849 1653 2884 est
1677 2845 1824 2884 Niesius

307 2919 342 2953 p.
370 2910 450 2944 357.
