1988 3273
895 215 948 257 65

164 334 302 386 utpote
334 331 374 372 in
408 345 490 386 qna
522 329 779 385 Polypercho
814 332 1088 373 muman-um
1121 333 1230 374 circa
1261 346 1304 371 se
1337 332 1549 386 habuerit,
1580 346 1674 374 cnm

162 401 206 442 in
252 402 328 443 hac
374 402 616 443 Alexander
661 402 768 456 apud
818 403 1106 457 Olympiadem
1154 404 1287 444 fuerit.
1365 403 1507 457 Itaque
1546 404 1676 445 'l'heo-

164 473 356 528 phrastus
397 473 664 533 Charactews
704 474 892 515 condidit
934 490 967 515 a.
1001 478 1081 516 317
1129 475 1192 516 vel
1237 477 1317 515 :3115
1360 488 1436 516 nec
1474 478 1679 529 expressit

162 543 461 597 Menandrum,
503 547 655 600 quippe
687 547 758 600 qui
803 547 925 601 paulo
971 553 1064 588 ante
1096 547 1264 588 demum
1309 548 1490 601 coeperit
1520 547 1678 588 fabulas

164 617 325 660 docere.
387 618 450 659 Ex
497 619 633 676 media
665 619 880 673 comoedia
927 633 1054 660 nnnm
1087 619 1314 660 alterumve
1346 619 1582 673 exemplum
1628 620 1678 660 ab

163 703 213 733 eo
243 695 453 745 sumptum
487 704 575 731 esse
608 704 861 745 quamquam
904 704 983 731 non
1026 693 1060 732 is
1099 704 1190 732 sum
1237 691 1308 744 qui
1341 692 1484 743 ntique
1518 704 1680 745 negem,

165 766 302 805 tamen
349 764 391 804 in
429 763 668 804 universum
713 767 823 804 certe
868 764 917 804 ad
953 765 1060 804 vitae
1092 763 1416 804 Atheniensium
1449 763 1679 805 cotidianae

165 835 357 890 exempla
397 835 550 876 librum
592 849 714 876 suum
759 837 1012 890 composuit
1056 840 1100 876 nt
1143 835 1262 876 docet
1295 835 1431 888 lepida
1462 835 1681 890 Hermippi

166 907 478 949 narratiuncula
507 908 617 962 apud
650 908 912 948 Athenaeum
946 908 963 947 I
996 909 1044 948 21
1068 922 1101 948 a.
1162 907 1305 955 Novae
1338 907 1488 948 deinde
1519 920 1680 948 comoe-

165 979 259 1021 diae
290 985 434 1034 poetae
475 980 594 1020 facile
626 979 863 1020 exscribere
906 983 1130 1034 potuerunt
1168 969 1503 1033 Theophrastum.
1566 978 1680 1028 Quae

165 1065 260 1094 cum
304 1053 361 1093 ita
391 1053 496 1105 sint
535 1052 713 1092 affinitas
755 1065 860 1106 qnae
905 1053 1013 1093 inter
1044 1052 1310 1092 Characteres
1351 1051 1680 1113 et.-}iilularian1

165 1123 398 1173 intercedit
435 1124 496 1164 sic
529 1128 574 1164 ut
605 1123 872 1165 Franckenus
906 1125 1037 1165 voluit
1067 1125 1212 1178 nequit
1242 1103 1446 1177 expediii.
1503 1123 1546 1164 Si
1579 1123 1680 1164 libe-

165 1195 249 1249 bit,
286 1199 442 1237 statuas
473 1200 634 1250 poetam
677 1196 906 1250 philosophi
951 1197 1101 1237 librum
1143 1200 1237 1236 ante
1278 1196 1420 1236 oculos
1464 1195 1678 1246 habuisse;

165 1268 239 1310 sed
272 1268 374 1309 mihi
407 1268 574 1322 quidem
608 1268 838 1309 similitudo
872 1272 952 1310 tam
988 1270 1090 1310 levis
1123 1267 1298 1320 videtur,
1340 1272 1382 1308 ut
1414 1268 1518 1308 nihil
1549 1281 1602 1308 ex
1633 1281 1682 1309 ea

167 1340 366 1396 colligere
397 1342 545 1382 ausim.

281 1412 394 1468 Ergo
428 1426 557 1454 unum
580 1417 887 1467 argumentum,
921 1424 1002 1464 quo
1035 1412 1151 1455 nisus
1168 1412 1412 1454 Aululariae
1444 1413 1682 1467 exemplum

168 1484 398 1549 Mgnandro
430 1485 632 1535 ascribas,
674 1486 844 1540 praebet
875 1485 1053 1526 Choricii
1101 1486 1240 1543 locus3
1285 1486 1394 1540 quod
1439 1487 1515 1527 etsi
1547 1486 1680 1527 solum

166 1569 242 1610 per
270 1568 315 1598 se
348 1569 427 1597 non
461 1552 624 1609 sufficit,
656 1561 792 1598 tamen
826 1542 1102 1609 stare’potest
1125 1539 1289 1612 p-ropter
1312 1559 1547 1599 universam
1566 1557 1683 1599 fabu-

166 1629 232 1670 lae
262 1629 466 1682 indolem,
510 1643 634 1684 quam
668 1631 957 1684 unusquisque
990 1629 1219 1694 Menandro
1251 1630 1422 1685 dignam
1454 1643 1544 1671 esse
1575 1630 1683 1671 iudi-

169 1701 288 1742 cabit.
349 1700 410 1742 Re
451 1714 548 1742 vera
591 1703 682 1743 eius
714 1714 804 1743 esse
835 1703 941 1743 hanc
972 1702 1229 1743 comoediam
1270 1715 1350 1743 non
1382 1702 1503 1743 facile
1535 1704 1685 1756 poterit

167 1775 327 1829 negari,
359 1773 430 1815 ubi
462 1775 553 1815 eius
584 1759 716 1816 aetate
747 1776 940 1829 scriptam
975 1788 1064 1816 esse
1096 1775 1355 1833 exploratum
1388 1776 1474 1815 erit.
1524 1774 1578 1815 Et
1607 1775 1684 1816 hoc

169 1846 339 1901 quidem
395 1847 638 1900 priusquam
688 1847 917 1888 Franckeni
965 1847 1428 1888 commentatiunculam
1475 1847 1583 1901 legi,
1629 1860 1681 1888 ex

168 1918 318 1960 ceteris
350 1919 561 1973 vestigiis,
607 1932 712 1973 quae
754 1920 796 1959 in
841 1919 913 1959 illa
944 1920 1108 1972 insunt,
1150 1919 1290 1960 studui
1323 1919 1527 1973 expiscari
1561 1923 1684 1972 atque

168 2003 217 2033 eo
248 1990 442 2045 perveni,
485 1995 529 2031 ut
559 1995 721 2048 tempus
765 1992 856 2032 eius
887 1991 1200 2042 angustioribus
1230 1991 1384 2031 finibus
1425 1991 1684 2032 circumscri-

167 2062 267 2104 bere
308 2074 427 2116 posse
468 2062 572 2102 mihi
606 2048 759 2104 videar.
821 2061 1004 2103 Scaenae
1041 2061 1111 2107 ΙΙΙ
1135 2063 1158 2101 5
1199 2062 1312 2117 prioi
1344 2075 1436 2116 pars
1469 2060 1701 2116 Megadori

884 2111 1026 2123 ιν..-
1054 2094 1165 2120 ,Δυ-

167 2147 309 2176 secum
331 2146 565 2175 sermonem
588 2134 866 2188 complectens
895 2134 1064 2174 fuciunt
1095 2133 1248 2187 quibus
1280 2138 1362 2209 tota
1393 2133 1442 2174 ad
1466 2147 1681 2174 romanum

167 2210 332 2266 poetam
365 2207 499 2247 redire
533 2206 766 2259 videretur,
807 2206 850 2247 id
895 2205 1005 2259 quod
1048 2218 1123 2246 nec
1155 2205 1427 2246 demonstrari
1472 2209 1605 2259 potest
1644 2209 1685 2246 et

169 2257 256 2334 pe?
280 2291 324 2320 se
369 2280 453 2320 veri
499 2266 826 2319 dissimillimum
865 2282 936 2318 est.
998 2277 1188 2318 Concedo
1235 2291 1292 2319 vs.
1325 2278 1409 2318 494
1440 2291 1498 2331 sq.
1531 2282 1572 2318 et
1603 2278 1684 2318 505

168 2364 259 2406 sqq.
291 2350 480 2407 afflante
506 2351 674 2409 additos
690 2363 793 2407 esse,
825 2354 960 2391 cetera
983 2350 1072 2390 sine
1096 2349 1222 2390 dubio
1244 2362 1441 2403 graecum
1465 2350 1684 2403 ingenium

169 2422 370 2465 redolent.
445 2421 610 2464 Divites
651 2436 702 2464 ne
744 2436 768 2463 a
809 2421 1009 2463 divitibus
1053 2421 1305 2462 ducerentur
1346 2422 1428 2461 iam
1471 2421 1686 2462 Platonem

172 2493 317 2549 (Legg.
341 2493 402 2535 VI
425 2495 506 2535 773
521 2493 577 2543 C.)
602 2494 848 2535 dissuasisse
881 2491 1176 2533 animadvertit
1197 2491 1481 2552 Visseringius
1513 2494 1686 2544 (quaest.

170 2565 304 2607 Plaut.
338 2565 378 2606 ΙΙ
409 2579 444 2620 p.
479 2566 588 2617 101),
628 2566 791 2606 dotatae
824 2577 976 2605 uxores
1008 2564 1048 2603 in
1083 2567 1170 2604 tota
1199 2564 1415 2605 comoedia
1446 2565 1568 2604 attica
1601 2577 1685 2604 ma-

168 2637 261 2679 ritis
292 2637 387 2678 odio
408 2641 516 2690 sunt,
549 2637 759 2702 Qlfflaffl
794 2649 890 2678 vero
915 2636 1251 2695 mulierum-iam
1284 2637 1325 2676 in
1350 2637 1473 2695 attico
1494 2636 1685 2691 exemplo

170 2707 417 2762 descriptam
450 2708 600 2761 fuisse,
643 2708 835 2762 quamvis
867 2707 994 2748 multa
1037 2707 1215 2748 assuerit
1246 2707 1440 2762 Elautus,
1481 2709 1571 2748 sine
1604 2707 1687 2748 ulla

170 2779 431 2821 dubitatione
462 2779 666 2820 contendo
699 2783 864 2833 propter
897 2792 951 2818 vs.
986 2778 1067 2818 503
1098 2790 1170 2832 sq.,
1213 2791 1317 2833 quos
1348 2779 1382 2819 si
1416 2778 1481 2819 hie
1512 2779 1687 2831 fecisset,

170 2865 254 2893 non
286 2851 468 2892 moribus
489 2853 754 2918 P'Efsscfflm
780 2850 1001 2910 mulier-mn
1026 2849 1270 2904 scripsisset,
1302 2863 1449 2892 verum'
1471 2863 1685 2903 censorem.

173 2922 394 2979 Expressit
437 2922 569 2976 igitur
598 2922 890 2976 γυναικονόμον.
953 2921 1042 2962 Iam
1084 2933 1180 2963 vero
1219 2921 1295 2964 hos
1340 2935 1483 2964 versus
1513 2921 1687 2963 Athenis
