1988 3273
937 215 959 254 4
967 216 990 253 :3

200 322 499 366 consideretur
528 325 682 367 deinde

201 441 505 496 Stichus,

311 546 567 590 Translatam
616 561 707 590 eam
751 561 843 590 esse
896 562 949 591 ex
993 550 1211 592 Menandri
1255 551 1452 607 Adelphis
1495 554 1720 596 didascalia

199 618 343 661 codice
385 620 666 661 Ambrosiano
714 621 864 661 tradita
913 621 1051 674 docet,
1097 635 1220 676 quam
1264 636 1356 663 eum
1401 628 1441 665 et
1471 624 1721 668 Ritsehelius

199 691 383 747 (Parerg.
415 705 451 747 p.
473 691 574 746 270)
608 696 650 733 et
679 690 993 733 Studemundus
1028 693 1270 740 (Comment.
1293 694 1535 737 Mommsen.
1568 711 1602 751 p.
1622 699 1718 749 782)

199 767 439 817 corruptam
490 764 743 817 iudicarent,
788 764 828 805 F.
869 763 1101 806 Schoellius
1144 766 1216 819 (Fl.
1256 779 1349 807 ann.
1392 768 1489 822 phil.
1528 782 1562 810 a.
1609 770 1717 810 1879

200 850 236 892 p.
268 836 339 888 44)
370 848 514 877 sanam
555 848 645 877 esse
685 836 984 877 demonstravit
1028 838 1176 880 collato
1218 839 1375 879 scholio
1420 840 1471 881 ad
1504 840 1718 883 Platonem

199 909 250 964 (p.
282 907 404 962 276),
445 921 527 963 quo
568 908 794 950 edocemur
835 908 939 950 duas
971 909 1189 952 Menandri
1232 911 1393 952 fabulas
1420 909 1615 967 Ἀδελφοί
1656 915 1718 955 in-

198 981 373 1036 scriptas
401 981 542 1035 fuisse,
574 994 751 1036 quarum
783 982 963 1036 priorem
986 982 1171 1036 Plautus,
1200 983 1417 1026 Terentius
1449 986 1715 1039 posteriorem

201 1051 391 1103 verterit;
436 1063 574 1105 neque
621 1051 744 1092 hodie
792 1052 1015 1105 quisquam
1063 1053 1218 1106 peritus
1265 1053 1315 1094 de
1359 1066 1407 1094 ea
1456 1067 1499 1095 re
1545 1055 1718 1108 dubitat,

200 1136 452 1179 quamquam
485 1124 611 1165 etiam
641 1122 828 1165 Koekius
859 1123 989 1175 (Com.
1022 1126 1104 1166 Att.
1136 1123 1201 1166 III
1233 1138 1268 1179 p.
1303 1127 1398 1177 144)
1444 1130 1484 1167 et
1515 1126 1717 1170 Chr-istius

201 1196 363 1247 (Gesch.
392 1196 428 1237 d.
450 1210 511 1252 gr.
534 1195 650 1238 Litt.²
680 1210 716 1251 p.
740 1197 837 1244 270)
871 1201 1051 1238 veterem
1083 1197 1299 1239 Ritschelii
1331 1199 1567 1252 opinionem
1599 1214 1716 1243 suam

197 1269 399 1312 fecerunt.

313 1341 455 1396 Atque
484 1341 757 1382 Terentianae
794 1340 959 1383 fabulae
992 1342 1230 1397 exemplum
1263 1343 1429 1397 quando
1472 1347 1608 1385 actum
1653 1347 1717 1398 sit,

199 1414 423 1456 nescimus.
474 1413 523 1454 Id
555 1417 715 1455 tantum
748 1417 920 1468 constat,
953 1415 1125 1456 Athenis
1156 1418 1243 1455 tum
1276 1414 1431 1456 bellum
1464 1428 1545 1457 non
1578 1417 1715 1457 immi-

198 1487 354 1540 nuisse,
384 1499 480 1528 nam
511 1485 670 1528 Demea
700 1499 796 1528 rure
828 1487 871 1527 iu
905 1486 1048 1528 urbem
1083 1487 1195 1528 venit
1225 1491 1266 1528 et
1295 1500 1366 1528 rus
1397 1488 1523 1542 redit,
1564 1489 1714 1531 deinde

200 1559 385 1614 Cyprum
426 1561 612 1614 pacatam
653 1559 782 1600 fuisse
826 1572 902 1600 nec
945 1560 988 1599 in
1028 1560 1198 1614 Aegaeo
1243 1572 1319 1600 nec
1357 1559 1401 1600 in
1441 1559 1568 1612 Lycio
1612 1561 1716 1602 mari

200 1632 374 1675 classem
406 1631 599 1672 hostilem
631 1635 836 1673 versatam
868 1644 970 1684 esse,
1002 1645 1096 1672 nam
1128 1631 1222 1673 leno
1254 1631 1324 1672 illo
1356 1632 1614 1686 profecturus
1645 1637 1718 1685 est,

200 1709 246 1748 ut
277 1704 516 1747 meretrices
548 1704 701 1746 vendat
731 1708 772 1746 et
797 1704 1040 1759 Pamphilae
1072 1708 1274 1759 cognatus
1304 1704 1479 1759 fingitur
1510 1706 1715 1759 virginem

200 1777 390 1820 Miletum
421 1776 688 1818 abducturus.
739 1777 907 1818 Poterat
938 1778 1068 1832 igitur
1097 1777 1198 1818 haec
1229 1777 1380 1830 fabula,
1412 1790 1535 1832 quam
1569 1782 1612 1818 ut
1644 1791 1716 1832 par

198 1852 261 1893 est
300 1849 600 1904 posterioribus
641 1842 862 1890 Menandri
902 1849 1248 1902 adnumemmus,
1290 1863 1323 1890 a.
1356 1849 1437 1890 302
1484 1849 1575 1903 agi,
1620 1863 1714 1890 cum

198 1921 390 1964 Athenae
430 1934 455 1963 a
496 1920 711 1963 Demetrio
751 1921 974 1975 liberatae,
1018 1921 1143 1976 Cypri
1184 1921 1307 1962 urbes
1352 1921 1546 1963 subactae
1590 1927 1716 1975 erant,

199 2007 314 2036 mare
344 1994 564 2049 Aegaeum
605 1994 696 2035 eius
727 1994 906 2036 navibus
938 1994 1175 2047 tenebatur,
1216 1997 1375 2048 poterat
1414 1994 1484 2048 agi
1528 1994 1624 2035 inde
1664 1995 1714 2036 ab

198 2081 234 2110 a.
264 2067 348 2109 300
381 2079 514 2121 usque
545 2067 596 2107 ad
628 2080 662 2108 a.
696 2067 800 2120 297,
843 2080 936 2108 cum
969 2066 1208 2109 Demetrius
1246 2068 1290 2108 in
1322 2066 1468 2108 Cilicia
1511 2071 1552 2108 et
1582 2066 1714 2108 Phoc-

198 2141 311 2183 nicia
356 2139 596 2182 versabatur
641 2139 820 2181 necdum
865 2139 1038 2181 Lachari
1086 2144 1263 2192 tyranno
1311 2140 1465 2181 bellum
1510 2141 1718 2194 intulerat,

196 2215 358 2268 poterat
386 2211 569 2266 denique
600 2225 634 2252 a.
667 2212 750 2253 293
781 2215 823 2253 et
853 2212 935 2252 292
968 2212 1129 2264 doceri,
1169 2225 1264 2253 eum
1298 2212 1481 2254 Athenae
1512 2226 1536 2253 a
1566 2211 1715 2253 Deme-

195 2285 287 2340 trio,
317 2283 479 2340 Cyprus
510 2297 534 2325 a
565 2283 804 2325 Ptolemaeo
834 2288 976 2339 captae
1008 2286 1134 2325 erant.

312 2356 405 2399 Hoc
434 2356 567 2411 igitur
598 2369 692 2398 eum
725 2356 767 2396 in
802 2357 939 2398 medio
963 2356 1255 2410 reliquendum
1287 2358 1352 2410 sit,
1382 2369 1434 2398 ex
1466 2357 1552 2397 sola
1574 2356 1713 2398 Sticho

197 2443 418 2473 cernamus
438 2433 610 2485 oportet,
641 2429 807 2484 quando
833 2431 943 2484 prior
961 2429 1177 2483 Adelphoe
1209 2430 1304 2471 data
1334 2430 1397 2471 sit.
1447 2429 1511 2471 Ae
1535 2429 1713 2484 primum

199 2502 371 2558 quidem
401 2502 634 2544 cavendum
666 2505 740 2555 est,
769 2515 822 2544 ne
854 2515 908 2544 ex
940 2516 976 2542 v.
1010 2502 1113 2542 135:

437 2573 572 2616 Vosne
602 2574 799 2616 latrones
818 2578 855 2615 et
885 2574 1091 2615 mendicos
1120 2573 1305 2615 homines
1334 2574 1475 2627 maym'
1493 2573 1716 2626 penditis?

198 2647 472 2694 concludatur
502 2646 649 2689 fratres
680 2647 887 2688 militandi
921 2660 1045 2688 eausa
1075 2646 1119 2686 in
1153 2647 1296 2688 Asiam
1327 2646 1486 2698 abisse;
1528 2647 1571 2687 id
1603 2647 1714 2687 enim

198 2734 277 2764 nec
307 2720 504 2762 convenit
534 2720 695 2762 maritis
726 2723 767 2762 et
797 2720 1003 2761 refellitur
1034 2732 1092 2759 vs.
1123 2719 1208 2760 404
1230 2731 1313 2771 sq.:

660 2788 888 2841 Mercurio,
921 2789 991 2842 qui
1020 2802 1081 2828 mo
1110 2787 1158 2829 in
1187 2787 1467 2829 mercimoniis

427 2860 542 2903 Iuvit
575 2860 784 2915 lucrisque
815 2859 1151 2915 quadruplicavit
1180 2874 1265 2902 rem
1297 2873 1439 2902 meam.

201 2935 314 2988 Quid
345 2934 530 2978 latrones
572 2934 654 2977 sibi
687 2934 806 2989 velit,
847 2935 1009 2983 nescio,
1049 2932 1190 2976 Plauti
1230 2934 1399 2990 quidem
1435 2935 1567 2976 aetate
1609 2929 1713 2973 nihil
