1988 3273
951 207 974 246 7

208 314 374 361 verant,
413 312 473 352 eis
505 313 605 353 loeis
645 329 669 355 a
700 318 869 358 comicis
901 322 1134 371 exagitatos
1165 337 1277 378 esse,
1322 329 1474 382 quibus
1517 332 1557 373 hi
1598 346 1717 376 secus

203 385 329 436 atque
359 382 419 423 illi
454 387 771 436 narravei·int*).
817 389 964 432 (jamri-:i
1000 408 1104 436 nova
1135 399 1349 440 comoedia
1383 406 1428 442 ut
1458 404 1521 445 his
1552 418 1718 460 quoquo

202 453 354 495 studiis
386 467 684 511 nonnunquam
717 460 917 510 incubuit,
950 466 1001 506 ita
1024 480 1228 510 summam
1262 484 1409 525 operae
1442 475 1481 515 in
1515 489 1564 517 eo
1594 478 1717 519 collo-

201 525 325 570 cavit,
356 531 401 567 ut
430 536 677 580 argumenta
710 537 866 574 tantum
903 549 979 576 non
1014 540 1153 580 omnia
1184 554 1206 582 e
1238 544 1447 586 cotidiana
1464 547 1716 592 Graecorum

201 597 287 638 vita
316 602 441 653 atque
473 603 774 645 consuetudine
806 606 1021 662 desumpta
1052 610 1157 652 bene
1180 616 1520 669 excogitarentur
1550 619 1716 663 festive—

200 681 283 723 que
304 671 612 724 expedirentur.
657 674 775 716 'sales
809 690 904 719 vero
936 681 1093 723 fabulas
1123 685 1231 726 solas
1263 687 1312 727 ad
1348 687 1519 732 barbare
1541 692 1716 735 redden-

199 739 299 781 dum
332 741 504 784 idoneas
535 742 664 786 fuisse
698 759 818 788 nenio
843 750 1013 803 ignorat.
1059 753 1233 809 Propter
1255 758 1382 812 ipsam
1417 761 1546 815 igitur
1568 765 1716 806 atticae

197 814 437 856 comoediae
468 821 657 858 naturam
690 820 810 861 facile
843 822 993 877 aliquis
1024 828 1258 881 suspicetur
1291 830 1423 873 Plauti
1447 833 1713 891 Terentiique

196 887 388 941 exempla
419 887 587 930 demum
620 899 712 945 post
746 893 966 936 Alexandri
1004 897 1146 951 Magni
1178 906 1361 957 tempora
1392 903 1579 949 confecta
1610 921 1710 951 esse.

195 956 361 1000 Scimus
392 960 469 1001 hoo
501 961 551 1002 de
583 963 643 1003 eis
675 964 837 1015 fabulis,
882 982 986 1021 quai·
1019 969 1070 1011 de
1101 970 1329 1015 Menandro
1361 976 1605 1020 Philemone
1636 979 1710 1021 Di-

195 1030 308 1085 philo
341 1032 591 1087 Apollodoro
624 1036 864 1092 desumptae
897 1050 1015 1093 sunt,
1053 1057 1160 1085 unus
1191 1045 1465 1102 Demophilus
1496 1065 1578 1105 quo
1610 1056 1711 1093 tem—

195 1115 295 1162 pore
324 1103 451 1144 fuerit
481 1105 670 1159 ignotum
706 1113 776 1149 est.
829 1109 983 1153 Eodem
1016 1113 1131 1155 ducit
1162 1116 1244 1158 alia
1266 1119 1536 1162 ratiocinatio.
1587 1122 1710 1165 Plau-

194 1178 305 1227 tum,
345 1177 498 1230 quippe
541 1179 662 1220 euius
710 1194 788 1221 non
835 1185 1073 1227 noverimus
1112 1190 1369 1231 comoediam
1416 1197 1510 1234 ante
1544 1194 1710 1238 ultimos

192 1248 348 1288 saeculi
381 1250 489 1290 tertii
522 1263 653 1292 annos
684 1254 888 1307 scriptam,
926 1256 1021 1298 licet
1050 1260 1176 1301 totius
1209 1261 1332 1304 huius
1359 1265 1514 1305 saeculi
1546 1266 1710 1310 fabulae

192 1319 231 1360 ei
262 1325 424 1374 praesto
455 1322 628 1373 fuerint,
671 1325 800 1366 nihilo
844 1328 982 1368 minus
1021 1330 1243 1373 admodum
1286 1335 1497 1388 probabile
1541 1342 1603 1380 est
1641 1352 1710 1381 eos

191 1394 353 1433 tantum
376 1398 516 1447 poetas
540 1396 684 1437 atticos
707 1400 971 1452 expressisse,
1004 1403 1075 1456 qui
1107 1407 1206 1445 tuno
1228 1409 1423 1461 temporis
1454 1409 1564 1450 inter
1594 1424 1709 1465 prae-

190 1465 466 1506 stantissimos
498 1470 539 1507 et
561 1467 840 1512 nobilissimos
862 1472 1130 1528 habebantur,
1161 1476 1252 1518 dico
1276 1477 1552 1523 Menandrum
1568 1482 1709 1525 Phile-

190 1550 355 1578 monem
401 1537 617 1592 Diphilum
650 1542 946 1596 Apollodorum
989 1546 1222 1600 Carystium
1265 1550 1546 1607 Philippidem
1589 1554 1707 1597 Posi-

190 1607 374 1663 dippum,
405 1623 581 1664 quorum
624 1613 787 1655 fabulae
829 1629 921 1657 eum
964 1618 1006 1657 in
1048 1619 1142 1661 aliis
1172 1623 1335 1675 graecis
1367 1625 1604 1668 civitatibus
1635 1628 1705 1682 agi

187 1680 377 1723 solebant
416 1685 503 1724 tum
547 1685 747 1737 Athenis,
794 1700 845 1728 ex
901 1703 981 1743 quo
1026 1697 1187 1745 praeter
1233 1701 1428 1748 quattuor
1467 1700 1704 1753 aequalium

186 1757 403 1808 poetarum
435 1768 518 1796 una
549 1755 698 1797 παλαιὰ
730 1759 868 1801 doceri
910 1766 1052 1816 coepta
1091 1769 1175 1819 est,
1217 1780 1360 1809 rursus
1391 1770 1707 1824 agebantur**),

186 1824 465 1868 Confirmatur
494 1829 537 1868 id
569 1842 592 1870 a
625 1829 769 1880 Gellio,
802 1834 874 1886 qui
907 1833 958 1882 ΙΙ,
990 1836 1042 1876 23
1075 1837 1199 1878 tradit
1230 1838 1506 1883 Menandrum
1537 1843 1706 1898 Apollo-

187 1897 334 1940 dorum
383 1899 670 1943 Philemonem
719 1904 944 1946 Alexidem
994 1908 1096 1949 alios
1153 1923 1177 1950 a
1222 1911 1414 1964 palliatae
1461 1916 1699 1958 comoediae

182 1972 316 2025 poetis
356 1984 575 2026 expressos
618 1987 720 2016 esse.
786 1976 870 2018 Cur
909 1984 1042 2020 autem
1077 1979 1314 2037 Demophili
1359 1985 1529 2027 aliunde
1567 1987 1702 2043 ignoti

184 2040 350 2095 Ὀναῑὸν
381 2046 649 2098 transtulerit,
682 2048 768 2101 ipse
803 2050 965 2091 videtur
993 2052 1254 2106 significasse
1283 2057 1384 2109 prol.
1418 2071 1451 2098 v,
1478 2059 1551 2099 13:
1582 2059 1701 2102 Inest

183 2112 296 2166 lepos
328 2115 529 2168 ludusque
558 2117 602 2157 in
635 2118 712 2159 leuc
745 2121 964 2172 comoedia,
999 2121 1198 2166 Ridicula
1230 2141 1296 2168 res
1327 2131 1397 2170 est.
1460 2128 1575 2179 Quae
1607 2145 1702 2174 cum

181 2185 240 2227 ita
269 2187 364 2240 sint,
397 2200 476 2228 non
511 2193 665 2231 temere
696 2191 919 2246 faciemus,
961 2195 992 2234 si
1035 2208 1104 2237 eas
1133 2197 1316 2252 fabulas,
1359 2214 1533 2254 quarum
1567 2216 1702 2259 neque

181 2263 371 2301 auctores
416 2273 553 2314 neque
599 2268 753 2305 aetates
800 2267 979 2316 scimus,
1025 2269 1105 2310 nisi
1153 2271 1401 2324 gravissima
1447 2274 1700 2332 dissuadent,

180 2331 358 2374 Athenis
401 2346 481 2374 non
515 2340 612 2376 ante
644 2338 997 2391 expugnationem
1038 2343 1160 2396 regni
1191 2343 1438 2398 Persarum,
1482 2359 1563 2388 non
1608 2353 1700 2402 post

179 2402 336 2446 bellum
367 2404 717 2450 Chremonideum
751 2410 891 2451 doctas
925 2425 1014 2453 esse
1044 2416 1355 2459 contendemus.

299 2541 334 2588 *)
361 2542 415 2578 Cf.
445 2544 634 2581 Platonius
662 2559 694 2591 p.
723 2547 876 2590 XIV-(55
905 2549 1040 2585 I)iil·n.:
1076 2552 1098 2599 ἡ
1134 2553 1168 2587 δὲ
1204 2556 1287 2601 μέση
1325 2555 1491 2601 κωμῳδία
1517 2582 1619 2593 .....
1645 2558 1697 2592 ἐπὶ

181 2600 216 2637 δὲ
240 2603 279 2638 τὸ
307 2605 472 2640 σκώπτειν
501 2607 643 2654 ἱστορίας
662 2607 819 2654 ῥηθείσας
846 2616 994 2656 ποιηταῖς
1019 2611 1121 2658 ἦλθεν
1148 2618 1183 2649 et
1203 2625 1303 2649 mox:
1331 2616 1458 2661 μύθους
1477 2618 1536 2664 γὰρ
1553 2618 1695 2657 τιθέντες

181 2664 214 2698 ἐν
240 2670 312 2704 ταῖς
337 2667 534 2713 κωμῳδίαις
559 2674 627 2707 τοῖς
654 2671 880 2718 παλαιοτέροις
907 2672 1097 2718 εἰρημένους
1122 2675 1289 2722 &teo-'apem
1315 2677 1362 2716 ὡς
1388 2683 1502 2716 κακῶς
1521 2677 1693 2726 ῥηθέντας.

178 2724 346 2761 Praeisse
373 2727 635 2770 quodammodo
663 2730 874 2775 Euripidem
901 2737 1022 2766 notum
1049 2738 1114 2770 est.

298 2786 353 2833 **)
380 2787 525 2824 Diserte
562 2790 599 2825 id
632 2791 805 2826 traditum
845 2798 899 2827 est
933 2792 976 2827 de
1009 2794 1216 2832 Philemone
1255 2798 1455 2835 Menandro
1489 2800 1695 2845 Philippide

178 2848 396 2894 Posidippo;
428 2849 474 2886 cf.
503 2852 716 2895 Koehlerus‚
745 2854 888 2889 Mitteil.
916 2854 947 2888 d.
975 2855 1072 2890 arch.
1100 2857 1186 2893 Inst.
1214 2859 1250 2894 in
1277 2861 1408 2903 Athen,
1436 2861 1486 2895 111
1512 2873 1546 2906 p.
1569 2865 1633 2896 130
1659 2866 1696 2897 et

177 2910 215 2947 G.
242 2910 267 2946 1.
295 2912 338 2946 A.
366 2911 399 2945 11
425 2913 505 2947 975.

1357 2984 1420 3026 1*
