2023 3299
983 191 1009 232 6

366 314 455 354 Hoc
476 312 639 353 tandem
667 308 890 363 aliquando
915 305 1073 346 institui
1106 306 1155 346 ad
1189 306 1290 347 alias
1313 318 1479 360 quoquc
1502 306 1766 360 quaestiones

251 386 468 427 solvendas
500 398 577 423 non
612 387 743 436 potest
775 394 852 421 non
888 379 1027 432 magni
1052 379 1263 420 interesse.
1318 378 1401 420 Sex
1423 379 1658 420 fabularum
1692 378 1764 432 qui

251 459 387 512 graeci
435 462 622 498 unctores
665 454 840 505 suerint,
885 464 936 491 ex
980 450 1165 504 prologis
1211 451 1272 491 vel
1315 450 1554 492 didascaliis
1597 451 1765 504 scimus,

248 534 457 583 praeterea
510 531 702 581 quattuor
749 526 927 564 virorum
986 522 1200 562 doctorum
1247 523 1474 576 sagacitate
1529 523 1579 564 ad
1631 526 1764 564 certos

250 607 388 656 poetas
419 601 569 641 relatae
601 604 708 650 sunt,
740 597 923 649 reliquae
956 594 1006 634 ad
1040 608 1144 648 quos
1176 595 1358 647 redeant,
1391 608 1646 649 quamquam
1679 608 1760 636 non

249 675 468 714 defuerunt
509 672 577 725 qui
621 670 701 710 ucri
736 669 872 709 studio
906 666 1104 721 indagare
1137 667 1451 720 experirentur,
1496 671 1633 708 tamen
1666 680 1761 708 cum

248 747 411 798 saepius
454 745 578 784 nimis
611 742 790 783 lubricas
824 741 909 780 vias
942 739 1118 791 inirent,
1163 739 1322 779 nemini
1355 739 1440 779 fere
1473 739 1670 792 contigit,
1719 741 1763 779 ut

249 818 493 859 sententiam
541 829 656 856 snam
690 812 947 867 argumentis
989 812 1089 852 satis
1127 810 1328 865 gravibus
1370 810 1545 851 fulciret.
1608 810 1761 852 Melius

246 889 376 942 igitur
408 887 457 926 dc
488 886 563 926 hae
596 898 638 925 re
670 884 854 924 iudicare
878 880 1114 935 poterimus,
1146 880 1216 920 ubi
1249 893 1330 933 quo
1363 892 1554 933 quaeque
1577 883 1760 934 tempore

248 960 423 1001 Athenis
464 963 554 999 acta
585 957 637 997 sit
668 956 924 1010 exploratum
968 954 1056 994 erit.
1116 953 1260 1006 Adde,
1306 952 1416 1006 quod
1457 965 1505 993 eo
1547 952 1582 993 si
1614 951 1762 993 funda·
1802 989 1807 992 .

247 1037 383 1073 mento
416 1031 598 1071 nitimur.
629 1029 791 1069 facilius
823 1025 1031 1067 interdum
1065 1025 1143 1066 erit
1173 1025 1354 1078 cognitu,
1399 1024 1561 1065 mediae
1593 1036 1761 1079 quoque

249 1103 486 1145 comoediae
529 1101 688 1142 subulas
719 1100 891 1140 Plautus
923 1098 1111 1143 verterit,
1157 1109 1263 1150 quae
1307 1109 1402 1137 cum
1447 1097 1624 1137 aliorum
1671 1100 1759 1137 tum

246 1176 445 1217 Meinekii
480 1176 585 1227 (hist.
620 1174 705 1214 crit.
738 1187 772 1226 p.
807 1172 901 1220 303)
935 1170 1140 1211 sententia
1181 1170 1280 1223 fuit,
1320 1182 1371 1209 an
1404 1169 1534 1210 solius
1565 1168 1761 1221 novae*).

360 1249 497 1301 Atque
530 1248 570 1287 in
592 1247 830 1287 universum
863 1245 895 1284 si
930 1243 1010 1283 duo
1042 1242 1115 1282 illa
1146 1254 1320 1295 graecae
1343 1241 1583 1282 comoediae
1605 1253 1762 1296 genera

246 1321 567 1372 consideramus,
600 1332 747 1359 novam
780 1318 915 1372 potius
946 1328 1071 1369 quam
1093 1314 1275 1355 mediam
1307 1313 1496 1354 aPlauto
1519 1314 1759 1355 translatam

245 1404 334 1432 csse
367 1391 431 1431 vel
464 1394 544 1431 tota
576 1402 717 1430 earum
750 1388 919 1442 ingenia
951 1398 1127 1440 arguere
1160 1385 1366 1425 videntur.
1422 1382 1538 1425 Haec
1569 1384 1681 1424 enim
1715 1388 1761 1426 ut

246 1474 325 1502 non
368 1474 486 1501 secus
529 1464 653 1513 atque
695 1458 766 1499 illa
812 1470 1003 1510 magnam
1045 1459 1202 1509 partem
1246 1455 1455 1494 variarum
1487 1466 1758 1508 personarum

246 1546 380 1574 mores
420 1532 712 1573 describendos
758 1531 836 1571 sibi
885 1529 1079 1583 sumpsit,
1126 1529 1183 1568 ita
1229 1540 1323 1567 cum
1372 1526 1672 1580 Aristophanea
1715 1525 1760 1567 id

246 1618 463 1647 commune
485 1604 672 1657 habebat,
706 1609 748 1644 ut
770 1617 849 1644 non
874 1602 1132 1656 argumentis
1151 1601 1256 1641 bene
1279 1599 1540 1653 explicandis
1563 1599 1759 1653 studeret,

247 1691 389 1719 verum
410 1678 592 1718 maximo
616 1689 737 1730 opere
761 1676 988 1716 elaboraret
1009 1675 1051 1714 in
1076 1674 1199 1715 certis
1223 1685 1323 1713 suae
1346 1672 1491 1713 aetatis
1506 1671 1760 1726 hominibus,

245 1750 509 1804 philosophis,
537 1749 679 1803 poetis,
709 1748 767 1788 rei
790 1747 977 1801 publicae
994 1745 1358 1800 gubernatoribus,
1380 1744 1564 1785 externis
1586 1743 1759 1799 regibus

242 1822 488 1877 populisque
532 1820 594 1860 vel
629 1820 870 1859 nominatim
917 1818 980 1859 Vel
1021 1814 1106 1857 ΜΝ
1154 1815 1335 1856 ὑπόνοιαν
1368 1816 1605 1856 irridendis.
1666 1814 1759 1865 Qua

244 1895 294 1935 ab
334 1907 377 1934 rc
422 1906 473 1933 ne
513 1893 555 1932 in
600 1892 794 1944 mythicis
835 1891 1002 1945 quidem
1043 1890 1324 1943 argumentis,
1371 1900 1478 1942 quae
1524 1900 1622 1942 prae
1664 1888 1760 1929 aliis

244 1967 407 2006 videtur
437 1965 660 2015 adamasse,
701 1976 869 2017 prorsus
900 1963 1110 2004 abstinuit.
1170 1961 1363 2014 Namque
1395 1961 1429 2001 si
1460 1960 1608 2001 harum
1639 1960 1758 2002 fabu-

243 2039 376 2079 larum
406 2038 637 2091 fragmenta
660 2037 913 2090 inspicimus,
944 2047 1138 2089 persaepe
1164 2035 1354 2074 videmus
1387 2033 1486 2074 deos
1517 2037 1590 2073 aut
1610 2033 1758 2075 heroas

246 2112 319 2164 „dc
350 2110 472 2150 rebus
504 2110 822 2149 Atheniensium
856 2109 990 2162 (leque
1021 2108 1092 2159 eis,
1123 2120 1226 2161 quos
1258 2106 1394 2147 ridere
1417 2106 1623 2159 volebant,
1653 2109 1759 2147 tam-

246 2196 367 2237 quam
400 2183 524 2236 probe
556 2182 635 2222 sibi
667 2183 773 2222 notis
804 2183 912 2222 inter
941 2194 1030 2222 sese
1060 2181 1333 2221 disserentes*
1365 2179 1427 2231 (cf.
1451 2178 1642 2233 Cobetus,
1673 2179 1760 2221 obs.

246 2257 333 2296 crit.
365 2256 406 2295 in
440 2255 541 2296 Plat.
574 2269 675 2296 com.
706 2269 742 2308 p.
779 2256 871 2306 124)
920 2267 993 2295 nec
1036 2252 1368 2308 improbabiliter
1412 2255 1593 2292 statuere
1638 2252 1760 2294 nobis

250 2327 438 2367 videmur
478 2331 616 2380 poetas
658 2328 853 2380 tragicos,
895 2327 963 2380 qui
1007 2327 1150 2366 eaden]
1184 2328 1432 2378 argumenta
1474 2323 1582 2364 serio
1613 2326 1760 2365 tracta-

362 2481 394 2525 ²³³)
420 2480 576 2515 Mediam
603 2480 820 2514 comoediam
847 2479 1110 2514 coninioditatis
1143 2489 1254 2513 eausa
1285 2489 1364 2512 eam
1389 2477 1522 2521 dicam,
1558 2487 1650 2520 quae
1677 2481 1762 2513 ante

246 2542 443 2575 Alexandri
474 2542 595 2584 Magni
644 2542 678 2574 in
718 2542 876 2575 Persium
913 2541 1177 2585 expeditionem
1215 2539 1349 2574 floruit.
1411 2541 1634 2582 Quamquam
1667 2539 1762 2574 enim

245 2608 385 2637 constat
413 2615 489 2637 eam
517 2615 536 2637 a
563 2615 653 2637 nora
681 2604 846 2647 primitus
874 2616 942 2637 non
968 2607 1142 2646 tempore,
1178 2601 1241 2636 scd
1266 2612 1305 2635 re
1331 2605 1366 2635 et
1393 2601 1540 2635 notione
1567 2600 1762 2636 discretam

244 2675 321 2699 csse
360 2664 420 2709 (cf.
457 2666 642 2699 lx'aibelius
685 2666 718 2698 in
758 2666 910 2699 Hermae
947 2665 1015 2699 vol.
1042 2664 1161 2698 XXIV
1197 2675 1230 2707 p.
1259 2666 1302 2697 57
1331 2674 1425 2707 sqq,
1460 2663 1761 2698 XVilamowitzius

245 2726 370 2769 Eurip.
398 2727 544 2761 Ilerakl.
574 2728 587 2759 I
615 2738 646 2770 p.
680 2730 773 2771 Izi-l),
811 2732 928 2761 tamen
962 2727 1042 2761 fieri
1075 2726 1133 2759 vix
1172 2725 1308 2770 potuit,
1345 2725 1431 2768 quin
1465 2724 1590 2759 Alexis
1622 2723 1762 2759 mediae

245 2787 448 2822 comoediae
475 2793 582 2831 pocta¹
617 2789 652 2822 in
680 2790 941 2832 posterioribus
968 2788 1103 2823 fabulis
1130 2786 1435 2821 Menandrearum
1466 2786 1610 2830 ingenio
1637 2784 1763 2820 eodem

243 2848 347 2883 modo
380 2860 417 2884 sc
445 2850 751 2893 arrommoduret,
790 2862 858 2894 quo
886 2851 1151 2895 Aristophanes
1178 2849 1213 2882 in
1238 2848 1473 2883 retractanda
1499 2849 1607 2883 Pluto
1633 2847 1764 2883 mutati

242 2912 325 2944 tun<¹
353 2911 488 2946 saeculi
516 2912 693 2945 rationem
720 2912 905 2946 habuerat.

2012 1504 2023 1595 .·-.-a›.-
2013 1431 2023 1493 ι.··ι.Δ

2004 1616 2023 1635 A

2014 1711 2023 1771 i
