2023 3299
1036 183 1089 225 36

306 316 340 344 a.
375 303 483 344 1889
515 316 552 356 p.
587 302 668 342 355
701 314 789 355 sqq.
823 312 870 340 eo
903 300 1113 353 processit,
1147 302 1192 340 ut
1223 298 1464 340 Plautinum
1496 298 1575 340 1100
1605 298 1824 340 inventum

307 359 420 428 esse,
460 377 620 429 poetam
664 372 916 414 Sarsinateni
963 371 1015 412 ad
1061 375 1219 414 certum
1266 372 1557 426 imperatorem
1605 385 1824 413 romanum

307 447 519 488 biennium
554 459 725 500 pelegie
770 448 978 486 versatum
1011 444 1233 497 adludeiffe
1276 445 1508 486 Bacchides
1549 458 1628 486 non
1663 458 1697 487 a.
1731 445 1826 500 189,
1848 433 1988 481 ‘575

308 523 351 560 ut
383 519 508 572 vulgo
541 518 771 572 [11111,111111111·
804 530 946 557 verum
981 516 1148 558 demum
1182 531 1215 558 a.
1242 518 1320 558 187
1351 508 1507 583 Rornae
1539 507 1710 559 doctam
1735 511 1826 560 esse
1872 537 1908 569 5·
1915 534 1971 573 [7

306 592 579 632 00111011(1-.01(1
642 590 721 631 Sed
755 590 946 643 quamxis
989 571 1132 630 multis
1163 576 1416 630 testimoniis
1457 603 1510 631 ex
1541 589 1826 632 Romanorum

305 663 475 703 historia
507 663 644 716 petitis
676 662 923 703 sententiam
956 673 1072 701 suam
1107 660 1254 701 fulcire
1285 661 1503 715 studueiit,
1542 664 1680 703 tamen
1712 661 1826 714 apud

306 733 579 773 Menandrum
612 732 918 773 adulescentem
950 730 1120 772 brevius
1161 732 1360 785 temporis
1403 732 1585 785 spatium
1628 746 1653 773 a
1696 733 1829 787 patria

307 805 460 846 afuisse
493 819 616 860 quam
649 805 756 859 apud
790 804 986 845 Plautum
1018 816 1144 859 aegre
1176 804 1279 844 mihi
1313 805 1589 858 persuaserim
1606 804 1658 856 *).
1719 803 1827 845 Nam

307 878 341 918 si
373 882 593 931 argentum
625 878 757 918 solum
791 876 1096 917 inveniundum
1127 877 1230 929 fuit,
1272 890 1354 930 quo
1386 876 1620 918 Nicobulus
1651 877 1829 918 circum-

310 951 551 1003 duceretur,
589 950 736 1004 quidni
781 954 899 1004 poeta
938 949 1057 1002 fecit,
1101 953 1146 990 ut
1185 962 1338 1003 paucos
1380 952 1540 990 tantum
1585 949 1675 990 dies
1707 949 1829 990 domo

306 1023 500 1064 abesset?
564 1021 734 1063 Diutius
782 1035 875 1063 eum
924 1034 1097 1076 peregre
1145 1022 1300 1062 versari
1348 1034 1431 1062 11011
1478 1024 1642 1076 propter
1686 1033 1828 1063 senem

306 1108 475 1135 11000550
510 1099 607 1147 erat,
653 1098 694 1135 at
725 1098 888 1148 propter
918 1094 1111 1135 fabulam.
1173 1092 1287 1148 Opus
1319 1097 1428 1147 erat,
1469 1097 1514 1135 ut
1545 1093 1830 1151 Mnesilochus

308 1166 566 1219 aliquantum
610 1165 806 1219 temporis
838 1164 949 1223 Sarni
995 1168 1342 1217 commoraretur,
1386 1164 1459 1205 ubi
1491 1164 1744 1206 Bacchidem
1790 1167 1831 1206 et

307 1236 482 1277 militem
534 1236 826 1278 Cleomachum
873 1240 1160 1291 cognosceret,
1202 1250 1305 1291 opus
1358 1240 1464 1291 erat,
1509 1240 1554 1278 ut
1603 1237 1703 1278 satis
1757 1237 1831 1278 diu

307 1309 461 1363 Ephesi
505 1313 713 1362 maneret,
758 1323 851 1350 nam
884 1310 918 1349 si
950 1309 1048 1351 inde
1079 1313 1254 1364 argento
1286 1313 1432 1351 exacto
1471 1310 1611 1351 statim
1642 1309 1831 1364 redisset,

307 1395 388 1422 11011
421 1382 785 1436 intellegeremus,
828 1396 908 1436 qua
951 1383 1002 1424 de
1042 1396 1167 1423 causa
1209 1383 1428 1437 epistulam
1472 1382 1522 1423 ad
1554 1382 1829 1424 Pistoclerum

306 1455 499 1508 misisset,
531 1469 634 1509 opus
667 1459 775 1507 erat,
821 1460 865 1497 ut
894 1456 1069 1512 Bacchis
1100 1456 1183 1496 iam
1226 1456 1358 1497 multo
1390 1459 1614 1510 antequam
1649 1456 1831 1516 AJhenas

309 1528 544 1580 adveniret,
588 1527 710 1569 militi
754 1529 795 1568 111
837 1527 958 1569 Samo
1000 1528 1166 1569 addicta
1204 1529 1372 1580 fuisset,
1418 1541 1554 1582 neque
1595 1528 1707 1569 enim
1749 1521 1834 1570 iam

309 1603 527 1653 argentum
560 1600 704 1654 habet,
752 1601 861 1654 qued
908 1601 944 1641 ei
977 1601 1124 1642 reddat
1157 1603 1426 1655 (quamquam
1471 1601 1512 1641 id
1547 1601 1717 1655 quidem
1749 1614 1833 1642 non

313 1673 457 1726 magni
507 1673 702 1725 fecerim).
777 1673 947 1714 Diutius
993 1674 1303 1716 adulescentem
1352 1674 1474 1715 domo
1526 1674 1673 1716 abesse
1721 1674 1835 1716 senis

308 1745 440 1799 ipsius
474 1745 598 1786 verba
633 1759 668 1786 v,
701 1747 782 1787 :237

768 1821 960 1860 nostrum
992 1822 1076 1860 tum
1108 1820 1182 1861 dm

539 1889 609 1930 Ibi
640 1890 825 1931 desidere
856 1905 923 1933 hec
957 1891 1095 1933 redire
1123 1891 1260 1944 filium

311 1962 460 2004 docent
500 1967 541 2003 et
571 1962 788 2004 confirmat
819 1963 1063 2018 Chrxsalus,
1105 1965 1178 2019 qui
1218 1964 1375 2019 gaudio
1407 1964 1568 2005 reditus
1613 1964 1745 2005 elatus
1777 1977 1834 2005 vs.

312 2036 393 2076 170
426 2049 514 2090 sqq.
540 2036 721 2076 Athenas
751 2040 791 2077 et
818 2037 1055 2090 Apollinem
1087 2037 1303 2099 salutatur,
1333 2037 1377 2077 id
1409 2036 1521 2090 quod
1554 2036 1627 2077 vix
1657 2037 1836 2091 fecisset,

310 2107 346 2148 si
376 2120 529 2161 paucos
559 2107 648 2148 dies
680 2108 880 2149 caruisset
911 2109 1043 2163 patria
1069 2091 1251 2160 01111**).
1304 2107 1442 2158 Quare
1473 2108 1742 2163 gravioribus
1773 2108 1835 2150 uti

427 2289 460 2334 >t)
484 2289 706 2334 Quamquam
732 2290 776 2325 de
803 2291 1044 2326 Bacchidibus
1071 2291 1208 2327 Romae
1235 2294 1318 2326 acta
1343 2291 1402 2325 hic
1428 2299 1487 2325 res
1513 2300 1586 2324 non
1611 2293 1678 2334 est,
1711 2293 1834 2326 tamen

309 2351 483 2397 profiteor
505 2353 751 2396 Anspachium
777 2354 862 2386 mihi
889 2354 1093 2398 opinionem
1120 2364 1222 2389 suam
1252 2364 1324 2388 non
1349 2352 1536 2397 probasse.
1588 2351 1835 2396 Complurium

310 2424 496 2457 versuum,
533 2415 595 2458 qui
628 2414 761 2459 optime
787 2415 1063 2460 intelleguntur,
1099 2416 1131 2450 si
1162 2416 1252 2450 nihil
1279 2415 1448 2450 subtilius
1482 2415 1520 2449 in
1554 2414 1606 2450 eis
1633 2414 1833 2458 quaeritur,

309 2475 541 2510 artificiosam
567 2479 603 2510 et
629 2480 831 2510 contoitam
860 2478 1201 2522 interpretationem
1219 2477 1427 2521 excogitare
1454 2479 1602 2510 coaetus
1628 2479 1694 2520 est,
1721 2475 1835 2510 veluti

310 2539 478 2585 151072
505 2547 556 2581 sq.
569 2564 576 2580 ,
610 2539 676 2571 315
705 2548 780 2581 sqq
795 2565 802 2581 ‚
833 2540 897 2572 321
927 2549 1004 2582 sqq.
1056 2539 1208 2573 Omnino
1234 2538 1374 2572 nullum
1399 2548 1523 2573 eorum
1555 2537 1738 2581 locorum,
1772 2536 1835 2581 qui

309 2583 498 2632 histoiiain
523 2608 708 2632 romanam
734 2599 918 2635 illustraie
944 2601 978 2635 ei
1003 2599 1238 2644 videbantur,
1273 2600 1479 2635 necessario
1506 2598 1707 2650 Menandro
1734 2598 1834 2634 abiu-

311 2646 502 2695 dicandum
533 2671 611 2695 esse
639 2661 794 2695 concedo
831 2666 866 2696 et
900 2662 944 2698 de
970 2649 1111 2707 aliquot
1143 2662 1223 2707 ipse
1249 2662 1478 2707 Anspachius
1504 2646 1627 2696 fassus
1661 2663 1728 2696 est.
1777 2660 1833 2696 De

310 2723 460 2766 singulis
486 2723 542 2756 1110
569 2733 640 2757 11011
666 2734 813 2767 possum
839 2724 1038 2769 disputare.

428 2783 481 2828 *ἢ
509 2784 584 2818 Ηο5
610 2794 752 2828 quoque
778 2795 902 2820 versus
921 2785 1138 2821 documento
1166 2796 1245 2821 esse
1271 2785 1390 2820 iudico
1409 2784 1608 2820 Bacchides
1635 2795 1681 2820 ex
1705 2783 1834 2820 fabula

310 2845 502 2881 Menandri
538 2846 624 2881 civis
660 2846 889 2882 Atheniensis
934 2848 1078 2893 patriae
1119 2847 1358 2883 amantissimi
1396 2857 1608 2892 expressam
1645 2856 1746 2892 esse,
1783 2845 1831 2883 cf.

308 2909 418 2945 Stich.
445 2910 513 2945 649
539 2919 603 2955 sq„
630 2909 803 2946 Naucleri
828 2908 897 2955 frg.
927 2912 1008 2956 349,
1034 2910 1197 2957 Alciphr.
1224 2910 1259 2946 II
1285 2912 1316 2947 3.
