2023 3299
1069 208 1121 248 32

334 322 586 370 restituisse,
630 321 702 363 ubi
733 321 879 363 Lemni
921 322 1076 363 mentio
1109 323 1223 364 nulla
1253 322 1300 364 fit
1331 322 1467 375 (Diod.
1499 323 1587 365 XX
1618 323 1701 377 46),
1733 326 1858 379 atque

333 407 366 434 a.
399 395 481 434 314
529 407 609 434 non
651 394 773 435 modo
817 393 1068 445 Dionysium
1100 394 1341 436 Munichiae
1385 395 1664 450 praefectum,
1710 408 1857 437 verum

334 468 456 507 etiam
499 466 756 508 Demetrium
805 466 1051 508 I‘lialereum
1096 480 1120 508 a
1163 467 1394 510 Cassandro
1441 469 1753 523 expeditionem
1806 481 1854 510 οο

331 540 465 580 facere
496 541 655 580 iussum
690 552 792 593 esse,
822 545 867 580 ut
898 539 1170 582 Lemnienses
1201 541 1252 581 ab
1277 542 1477 595 Antigoni
1508 542 1704 583 societate
1735 554 1854 583 revo-

333 615 445 652 caret
476 611 608 662 (Diod.
641 612 747 652 XIX
781 612 871 665 (30),
914 612 957 651 id
990 612 1100 666 quod
1133 613 1205 653 vix
1242 614 1398 654 factum
1430 618 1559 668 esset,
1604 615 1684 656 nisi
1714 615 1854 657 insula

331 684 506 738 imperio
540 685 859 726 Atheniensium
890 685 1037 726 fuisset
1066 685 1301 739 addicta*);
1336 688 1408 741 qni
1441 700 1695 741 quamquam
1727 689 1852 729 etiam

332 756 426 796 aliis
449 756 667 797 Cassandri
699 757 1037 812 expeditionibus
1068 759 1359 813 interfuerunt,
1389 762 1528 801 tamen
1560 773 1636 801 sua
1665 760 1852 814 ipsorum

332 829 462 869 classe
502 842 572 870 eos
613 831 835 884 quiequam
877 831 1041 872 molitos
1082 843 1195 885 esse,
1249 832 1349 872 duni
1389 831 1466 873 sub
1508 832 1635 873 huius
1675 833 1853 887 imperio

331 902 496 955 suerint,
527 902 690 956 probari
722 904 880 957 nequit.
944 903 1073 946 Plane
1103 904 1310 946 incertum
1337 908 1410 958 est,
1443 905 1610 959 quando
1631 905 1771 947 insula
1792 905 1853 947 eis

333 978 471 1029 erepta
502 976 564 1015 sit.
625 976 674 1016 A.
709 978 789 1017 283
822 976 1020 1018 Seleucus
1058 977 1273 1019 cleruchos
1312 981 1461 1032 πικρῶς
1501 975 1853 1032 ἐπιστατουμένους

335 1045 406 1087 ὑπὸ
441 1046 673 1102 Λυσιμάχου
707 1048 750 1088 οὐ
797 1049 910 1103 μόνον
951 1048 1140 1101 ἐξείλετο,
1187 1048 1288 1091 ἀλλὰ
1327 1048 1394 1091 καὶ
1436 1048 1503 1096 τὰς
1544 1050 1676 1096 πόλεις
1721 1049 1852 1097 αὐτοῖς

331 1119 535 1160 ἀπέδωκεν
567 1120 792 1176 ἀμφοτέρας
826 1124 988 1175 (Athen.
1020 1122 1082 1165 VI
1114 1125 1198 1164 254
1228 1124 1291 1176 f.);
1336 1124 1413 1165 etsi
1443 1124 1576 1179 igitur
1607 1124 1732 1165 etiam
1763 1127 1851 1166 tum

333 1191 479 1233 Lemni
522 1193 782 1247 habitabant,
826 1198 963 1236 tamen
1006 1207 1072 1236 res
1114 1195 1280 1250 publiea
1311 1196 1636 1237 Atheniensium
1670 1196 1851 1238 insulam

331 1277 411 1304 non
446 1264 528 1305 iam
560 1266 807 1319 possidebat.
869 1267 915 1307 Id
948 1267 1116 1308 demum
1149 1267 1271 1322 paulo
1302 1272 1396 1321 post
1426 1281 1583 1308 annum
1607 1269 1689 1309 283
1713 1268 1851 1310 denuo

331 1337 482 1378 factum
527 1351 616 1379 esse
659 1351 791 1393 nuper
821 1340 870 1380 A.
903 1339 1172 1381 lVilhelmius
1213 1341 1256 1380 in
1289 1340 1471 1382 Hermae
1517 1341 1597 1382 vol.
1629 1340 1784 1382 XXIII
1814 1355 1851 1396 p.

334 1410 418 1450 460
441 1424 498 1464 sq.
532 1411 841 1453 demonstravit.
902 1412 1077 1461 Quando
1099 1416 1239 1454 autem
1261 1417 1356 1455 ante
1382 1427 1416 1454 a.
1439 1415 1536 1467 283,
1567 1414 1736 1468 quando
1763 1417 1857 1469 post

333 1481 479 1522 Lemni
511 1483 685 1537 imperio
718 1484 876 1538 privata
907 1485 976 1538 sit,
1020 1485 1070 1526 de
1102 1498 1151 1526 ea
1180 1498 1225 1526 re
1257 1499 1351 1527 cum
1386 1498 1438 1527 ne
1468 1486 1730 1527 levissimum
1761 1487 1853 1541 qui-

334 1555 427 1596 dem
459 1556 687 1597 testimonii
720 1557 944 1611 vestigium
986 1559 1188 1613 supersit,
1235 1559 1386 1600 nostris
1425 1558 1574 1613 opibus
1617 1556 1854 1602 discernere
1894 1572 1898 1576 ·

332 1628 564 1682 nequimus.

447 1700 574 1742 Plura
605 1702 754 1744 docent
785 1717 841 1744 vs.
862 1705 939 1745 531
963 1717 1034 1759 sq.,
1067 1717 1171 1759 quos
1204 1717 1297 1745 cum
1331 1705 1404 1745 alii
1434 1704 1641 1746 insiticios
1662 1704 1854 1746 arbitrati

333 1772 418 1813 sint
449 1778 489 1815 et
518 1774 607 1828 ipse
629 1788 794 1829 quoque
817 1776 888 1817 diu
921 1777 972 1818 de
991 1776 1188 1818 Plautina
1206 1790 1348 1818 eorum
1373 1777 1538 1832 origine
1559 1772 1854 1832 dubitaverim,

333 1846 541 1899 genuinos
581 1860 671 1888 esse
716 1861 825 1889 nunc
868 1862 949 1890 non
995 1863 1160 1904 possum
1208 1850 1310 1904 quin
1355 1850 1559 1890 assentiar
1594 1849 1852 1893 Buechelero

333 1917 392 1971 (in
425 1917 620 1960 Schoellii
655 1921 778 1974 praef.
811 1933 849 1973 p.
881 1922 1025 1975 XLV).
1084 1922 1178 1963 Non
1220 1923 1320 1963 satis
1351 1920 1513 1963 faciunt
1558 1935 1666 1977 quae
1711 1925 1854 1964 contra

334 2002 429 2030 eum
460 1989 688 2045 Ussingius
719 1992 877 2045 attulit,
923 1993 1146 2034 dummodo
1190 2006 1242 2034 ne
1285 1993 1562 2048 neglegamus
1602 1993 1690 2035 cod.
1731 1993 1767 2034 Β
1809 1994 1854 2036 in

335 2075 370 2102 v,
404 2064 482 2103 531
516 2063 622 2104 istac
653 2068 747 2106 ante
778 2066 947 2118 reffl'mzc
977 2066 1150 2120 habere,
1199 2067 1309 2121 quod
1342 2065 1372 2107 C
1397 2065 1434 2107 D
1477 2067 1568 2108 sine
1611 2066 1739 2108 dubio
1781 2079 1854 2122 per

334 2147 513 2176 errorem
557 2137 795 2179 omiserunt.
856 2138 1114 2180 Restituatur
1155 2140 1288 2194 igitur
1330 2139 1507 2180 verbum
1547 2142 1589 2181 et
1625 2139 1852 2181 scribatur:

450 2207 498 2249 Is
530 2212 566 2249 te
596 2210 716 2251 dono.
778 2210 953 2253 Adciuee
974 2212 1047 2255 hoc
1078 2215 1120 2253 lu
1143 2212 1260 2253 istas.
1324 2212 1406 2255 Sed
1426 2211 1530 2253 ‘istae
1559 2212 1730 2265 reginae
1744 2212 1855 2254 domi

451 2279 558 2321 Suae
576 2282 694 2334 fuere
713 2283 874 2336 ambae;
905 2297 1044 2325 rerum
1065 2297 1206 2325 earum
1230 2283 1421 2336 patriam
1453 2296 1523 2338 eyo
1555 2283 1689 2325 excidi
1710 2297 1855 2328 manu.

452 2351 500 2393 Is
530 2356 568 2394 tc
598 2354 701 2395 dono
715 2356 787 2409 **).

334 2423 520 2476 Earum,
566 2427 675 2480 quod
708 2426 954 2480 Seyffertum
987 2431 1155 2470 secutus
1193 2429 1237 2469 in
1271 2442 1307 2469 V.
1341 2429 1424 2469 532
1456 2428 1637 2478 inserui,
1679 2428 1800 2470 facile
1830 2442 1855 2470 a

334 2496 515 2538 librariis
556 2500 772 2552 praeteriri
812 2502 944 2555 potuit
979 2504 1148 2556 propter
1188 2499 1494 2554 ὁμοιοτέλευτον.
1558 2500 1678 2550 Quod
1723 2501 1856 2556 igitur

335 2566 626 2623 Stratophanes
657 2570 818 2624 Syriam
851 2586 894 2614 se
926 2585 1192 2628 expugnasse
1223 2572 1448 2627 gloriatur,
1486 2575 1596 2613 terra
1629 2585 1725 2614 cum
1756 2575 1855 2614 nota

453 2749 486 2793 ss)
516 2749 569 2785 Cf.
597 2751 805 2797 Droysenus
831 2753 864 2787 ΙΙ
890 2766 923 2798 p.
950 2756 996 2790 24
1022 2757 1059 2789 et
1083 2755 1139 2789 25.

451 2811 505 2856 *ἢ
531 2812 734 2848 Bellissime
753 2819 861 2858 poeta
878 2815 977 2859 fecit,
1003 2820 1044 2851 ut
1061 2816 1163 2851 miles
1189 2815 1341 2851 ancillas
1367 2814 1599 2850 taeterrimas
1625 2819 1663 2851 et
1687 2814 1854 2851 foedissi-

333 2882 409 2907 mas
424 2876 464 2907 ut
488 2873 667 2917 quondam
683 2875 827 2919 reginas
850 2881 1081 2923 proponeret.
1131 2877 1174 2913 Id
1195 2888 1339 2922 quoque
1353 2877 1486 2913 Plauto
1505 2877 1563 2913 vel
1581 2877 1704 2924 potius
1721 2887 1853 2924 graeco

338 2935 479 2971 auctori
504 2946 612 2981 quam
636 2936 891 2984 interpolatori
916 2941 1079 2983 tribuere
1105 2939 1221 2987 quivis
1246 2939 1367 2977 malet.
