2023 3299
1133 248 1188 293 64

351 368 477 397 senex
510 363 712 411 vereatur,
745 362 785 402 in
806 362 1025 405 Aulularia
1054 364 1215 406 fumum
1248 367 1385 421 ipsum
1418 368 1534 410 exire
1557 369 1866 428 lamentetur*),

348 442 469 481 quani
494 432 729 474 varietatem
752 434 886 476 Plauti
921 440 1031 477 certo
1054 439 1227 479 consilio
1260 453 1310 480 an
1332 439 1511 482 Choricii
1545 444 1674 484 errori
1696 444 1864 487 cuidam

347 501 522 542 tribuam
558 503 717 546 haereo.
765 506 926 549 Deinde
958 522 1009 549 ex
1033 513 1282 565 comparatis
1315 513 1378 554 his
1409 514 1510 556 locis
1533 520 1749 570 propterea
1780 531 1860 560 non

347 574 522 616 nimium
555 578 815 633 collegerim,
853 582 961 635 quod
996 587 1250 638 quantopere
1282 587 1422 640 graeci
1463 591 1608 641 poetae
1638 591 1861 645 praecipue

346 647 490 686 comici
532 649 634 690 alter
672 651 722 692 ab
755 653 883 694 altero
916 655 1186 708 pependerint
1219 670 1340 699 nemo
1373 660 1523 711 nescit,
1566 659 1687 703 facile
1727 663 1861 718 igitur

345 713 593 771 Posidippus
625 720 749 762 aliive
782 723 893 763 illam
926 725 1037 765 senis
1068 727 1182 766 avari
1216 727 1538 783 descriptionem
1553 744 1596 790 ‘a
1627 730 1859 793 Menandro

342 779 536 829 mutuare⁴
561 795 868 847 p‹)tuerunt*²³‘).

456 860 631 903 Gravior
672 865 861 907 videatur
900 868 981 909 alia
1011 869 1270 926 observatio,
1317 885 1440 925 quam
1475 875 1743 918 Franckenus
1774 877 1798 918 l.
1829 877 1856 919 1.

342 930 446 972 fecit.
522 933 568 974 In
609 936 875 992 Theophrasti
918 941 1227 986 characteribus
1271 945 1289 984 ὁ
1333 947 1563 1000 μικρολόγος
1608 948 1859 992 describitur

428 1037 433 1043 .
456 1037 462 1043 .
488 1003 565 1052 οἷος
599 1008 763 1062 ὀψωνῶν
797 1010 918 1066 μηδὲν
941 1013 1151 1068 πριάμενος
1174 1017 1390 1070 &hailaim
1438 1033 1532 1060 culn
1556 1021 1690 1075 igitur
1706 1021 1854 1064 Euclio

341 1075 382 1114 in
425 1090 570 1119 scaena
613 1081 711 1134 IL&
753 1098 775 1124 a
814 1083 902 1126 foro
947 1087 1143 1130 adveniat
1183 1092 1354 1145 opsonio
1401 1093 1553 1147 quippe
1595 1094 1722 1151 nimis
1762 1107 1856 1137 caro

339 1160 419 1210 non
453 1156 658 1207 coempto,
698 1155 875 1197 affinitas
907 1159 1016 1200 inter
1047 1160 1159 1202 hunc
1195 1148 1241 1203 et
1270 1163 1539 1218 Theophrasti
1572 1154 1710 1207 locum
1742 1169 1857 1208 tanta

336 1219 591 1265 intercedere
635 1226 719 1267 visa
763 1234 824 1270 est
854 1230 1117 1287 Franckeno,
1159 1238 1204 1276 ut
1233 1240 1396 1289 poetam
1437 1251 1461 1278 a
1500 1238 1742 1293 philosopho
1783 1252 1856 1281 ex-

339 1306 523 1346 pressum
558 1310 646 1339 esse
669 1303 874 1343 statueret.
921 1304 1013 1346 Hoc
1043 1307 1077 1347 si
1113 1311 1220 1349 recte
1251 1309 1350 1350 fecit
1382 1335 1435 1338 —
1468 1315 1594 1362 atque
1617 1312 1720 1353 mihi
1752 1324 1854 1364 quo-

337 1378 416 1418 que
448 1368 544 1408 olim
579 1374 792 1426 persuasit,
824 1375 954 1418 donec
985 1379 1134 1420 melius
1167 1381 1217 1422 de
1250 1394 1297 1422 ea
1328 1395 1372 1423 re
1394 1383 1582 1424 iudicare
1614 1397 1681 1426 me
1713 1385 1856 1428 docuit

335 1437 681 1484 Wilamowitzius
714 1470 780 1500 -—,
820 1448 997 1491 libenter
1027 1453 1295 1495 concedimus
1326 1459 1534 1511 auctorem
1568 1457 1733 1499 fabulae
1765 1458 1853 1517 Me-

334 1512 538 1554 nandrum
572 1517 708 1569 potius
737 1519 852 1562 illius
889 1523 1138 1579 discipulum
1178 1527 1416 1569 habendum
1452 1542 1541 1570 esse
1574 1543 1699 1584 quam
1719 1531 1850 1574 alium

334 1573 595 1639 quemquam.
645 1590 700 1631 At
730 1596 935 1636 sententia
967 1598 1101 1639 virum
1136 1599 1303 1641 doctum
1334 1601 1490 1642 fefellit.
1543 1601 1850 1658 Theophrastus

329 1655 483 1698 librum
516 1673 633 1702 suum
656 1664 829 1720 scripsit,
861 1681 953 1709 cum
979 1669 1134 1712 bellum
1162 1673 1273 1714 inter
1288 1673 1664 1728 Polyperchontem
1684 1689 1848 1731 regem-

332 1742 410 1782 que
443 1735 482 1772 et
499 1732 774 1778 Cassandrum
808 1744 879 1781 aut
900 1742 1123 1795 gerebatur
1154 1749 1225 1786 aut
1259 1730 1379 1799 paulo
1411 1751 1507 1788 ante
1538 1752 1703 1802 gestum
1736 1754 1846 1804 erat3

330 1803 376 1842 Cf.
410 1819 447 1842 π.
481 1805 615 1857 >0701-
651 1809 727 1859 (8);
773 1811 963 1865 &usmaitau
1006 1814 1048 1855 δὲ
1078 1816 1237 1863 τούτους
1271 1818 1434 1873 φάσκων
1478 1819 1629 1873 λέγειν,
1673 1823 1725 1868 ὡς
1759 1821 1846 1863 Πο-

330 1875 559 1931 λυσπέρχων
593 1878 654 1919 καὶ
690 1882 707 1920 ὁ
743 1884 922 1937 βασιλεὺς
957 1888 1064 1944 μάχῃ
1107 1890 1306 1945 νενίκηκε,
1350 1890 1413 1932 καὶ
1446 1890 1706 1948 Κάσσανδρος
1737 1895 1844 1940 ἐζώ-

330 1962 481 2001 γρηται,
516 1964 621 2004 quae
652 1955 775 1996 verba
807 1957 1049 2012 Droysenus
1083 1963 1193 2016 quod
1225 1963 1345 2005 Diad.
1367 1964 1409 2005 II
1441 1979 1477 2020 p.
1502 1967 1556 2006 82
1589 1966 1640 2007 ad
1672 1968 1844 2021 expedi-

327 2019 480 2061 tionem
524 2022 866 2079 Polyperchontis
914 2037 954 2073 et
992 2033 1186 2076 Herculis
1231 2050 1265 2077 a.
1301 2037 1383 2078 310
1434 2038 1641 2092 inceptam
1683 2041 1844 2082 rettulit

326 2096 489 2146 propter
510 2099 748 2150 sequentia:
784 2101 977 2157 δυῑτυχῆς
1001 2103 1283 2162 Κάσσανδροςὶ
1322 2109 1353 2148 ὦ
1386 2108 1655 2164 ταὲαίπωροςέ
1687 2110 1842 2168 ἐνθυμῇ

325 2161 367 2202 τὸ
399 2168 465 2218 τῆς
498 2165 639 2222 τύχηςζ
683 2173 781 2213 satis
813 2178 965 2218 temere
996 2179 1220 2231 iudicavit,
1263 2181 1467 2224 Hercules
1499 2183 1698 2226 Barsines
1728 2184 1842 2228 filius

326 2248 551 2291 numquam
587 2245 630 2282 ut
661 2244 827 2286 videtur
859 2248 1038 2304 {imilco}
1082 2256 1154 2293 aut
1184 2254 1422 2296 nominatus
1465 2259 1537 2297 aut
1567 2257 1737 2310 agnitus
1779 2261 1842 2300 est

325 2308 477 2350 nedum
510 2311 559 2351 ab
577 2313 904 2362 Atheniensibus
922 2321 1153 2365 Cassandro
1176 2325 1398 2378 subiectis;
1444 2327 1596 2369 deinde
1628 2341 1681 2370 ne
1713 2330 1839 2372 nimis

324 2379 448 2434 longe
488 2384 595 2425 ultra
629 2388 830 2443 Antipatri
863 2397 1047 2449 tempora
1078 2398 1377 2453 procedamus,
1423 2400 1656 2443 certissime
1697 2405 1839 2445 vetant

324 2453 447 2494 verba
479 2471 516 2494 π.
553 2457 664 2503 dja}
701 2462 806 2513 (23):
848 2464 909 2505 καὶ
942 2466 1155 2522 γράμματα
1203 2468 1244 2510 δὲ
1283 2471 1402 2511 εἰπεῖν
1448 2473 1501 2518 ὡς
1534 2471 1697 2528 πάρεστι
1728 2473 1836 2530 παρὰ

324 2520 576 2581 Ἀντιπάτρου
607 2531 682 2571 κτὲ.
730 2533 875 2587 Itaque
905 2539 1020 2581 locus
1042 2554 1167 2596 supra
1192 2545 1427 2599 exscriptus
1458 2558 1601 2600 regem
1625 2547 1837 2601 significat

321 2600 391 2637 aut
435 2598 670 2656 Philippum
704 2606 982 2653 Arrhidaeum
1024 2617 1097 2655 aut
1126 2615 1416 2658 Alexandrum
1459 2617 1655 2661 Roxanes
1698 2619 1833 2663 filium

320 2672 359 2709 ct
403 2673 580 2723 pertinet
624 2677 675 2717 ad
723 2678 941 2724 Cassandri
986 2686 1028 2725 in
1071 2686 1358 2729 Macedoniam
1404 2691 1714 2748 expeditionem
1762 2697 1835 2736 aut

318 2752 428 2794 eam,
469 2757 592 2797 quam
624 2746 832 2793 Diodorus
861 2753 1014 2798 XVIII
1046 2760 1098 2799 75
1131 2760 1192 2812 (cf.
1225 2760 1395 2802 Niesius
1425 2775 1462 2816 p.
1496 2763 1595 2815 249)
1626 2767 1699 2806 aut
1728 2777 1832 2820 eam,

319 2822 441 2862 quam
484 2812 602 2869 XIX,
626 2819 692 2871 35,
725 2821 776 2860 36
822 2824 882 2874 (cf.
914 2825 1085 2869 Niesius
1114 2843 1153 2883 p.
1185 2831 1282 2882 252)
1326 2835 1474 2873 narrat.
1547 2832 1658 2875 Malo
1702 2833 1830 2890 illam,

435 2907 467 2947 ²³³)
494 2891 632 2955 Licin}
653 2892 720 2957 hro
748 2918 861 2961 tiyillo
886 2922 960 2956 noli
986 2934 1065 2958 cum
1090 2925 1304 2962 Franckeno
1332 2928 1502 2964 scribere·

434 2968 487 3015 >''²³²·²¹)
515 2972 570 3005 Sic
598 2974 815 3013 Ribbe(·kius
842 2984 1023 3027 Agroikos
1051 2986 1157 3031 (Abh.
1186 2987 1218 3023 d.
1247 2990 1362 3024 Sachs.
1391 2989 1606 3038 GeS.‘1885)
1632 3003 1667 3037 p.
1694 2995 1750 3028 21-
