1988 3273
877 195 934 238 69

151 309 428 352 Transeamus
460 311 540 352 iam
572 311 622 352 ad

154 416 583 478 Asinariam,

155 533 281 575 quam
315 533 366 561 ex
392 520 628 575 Demophili
661 521 1050 575 cuius‹la1n()nago
1083 521 1317 562 translatam
1352 534 1441 563 esso
1477 523 1672 576 prologus

155 592 377 634 Plautinus
409 593 528 634 docet
560 600 600 634 ct
630 594 753 635 hodie
784 607 927 634 omncs
959 598 1132 648 excepto
1164 593 1323 634 Kockio
1357 593 1482 643 (Com.
1516 596 1598 635 Att.
1632 595 1671 636 II

155 678 192 720 p.
215 666 312 715 559)
345 666 454 706 inter
484 678 527 706 sc
559 667 836 707 consentiunt.
888 666 1062 714 Quando
1093 666 1163 706 illc
1194 658 1329 717 fuerit,
1362 667 1555 708 traditum
1590 680 1670 708 non

154 741 236 789 est,
280 751 375 779 nam
421 739 490 792 qui
534 739 631 779 olim
676 740 766 779 eius
799 739 1023 790 vestigium
1069 739 1112 779 in
1145 739 1265 779 titulo
1298 738 1511 780 Piraeensi
1543 753 1673 781 novae

155 809 395 851 comoediae
438 815 650 863 poetarum
696 811 862 850 nomina
895 811 1132 851 continente
1171 810 1394 864 indagasse
1434 810 1513 851 sibi
1559 813 1673 852 visus

155 887 217 923 est
247 881 479 936 Bergkius,
523 883 609 936 ipse
641 887 781 936 postca
813 895 887 922 suo
932 883 1021 923 iure
1064 883 1183 924 aliter
1214 883 1415 924 iudicavit
1446 884 1597 937 (opusc.
1631 883 1672 924 II

156 967 191 1008 p.
214 954 312 1005 485,
342 953 384 994 id
418 953 528 1007 quod
560 952 669 1006 fugit
699 951 998 994 Susemihlium
1032 955 1072 994 in
1107 955 1198 995 hist.
1231 955 1304 996 litt.
1327 955 1474 996 alex.I
1504 969 1540 1010 p.
1561 956 1673 1006 262).

154 1024 335 1080 Egomet
367 1030 411 1066 ut
442 1026 572 1066 nihilo
605 1025 743 1065 minus
775 1025 936 1065 credam
971 1026 1164 1081 Onagum
1197 1028 1342 1068 eodem
1374 1029 1459 1069 fere
1489 1033 1672 1082 tempore

157 1109 239 1150 quo
271 1100 429 1137 ceteras
449 1096 637 1150 palliatas
659 1098 926 1150 compositam
961 1110 1062 1146 esse,
1092 1097 1134 1137 id
1167 1097 1276 1150 quod
1311 1097 1374 1138 vel
1408 1110 1480 1151 per
1510 1111 1553 1139 se
1586 1099 1674 1139 veri

156 1168 416 1210 simillimum
439 1173 511 1218 est,
534 1170 761 1224 singularis
781 1170 944 1211 fabulae
964 1170 1148 1210 inventio
1171 1182 1237 1210 me
1254 1174 1497 1211 commovet.
1545 1169 1673 1212 Senes

154 1239 254 1282 filiis
285 1238 522 1283 amantibus
553 1242 780 1282 adversarii
825 1247 870 1283 ut
899 1256 921 1282 a
953 1242 1084 1283 servis
1115 1242 1277 1283 callidis
1308 1242 1589 1297 decipiantur,
1630 1244 1674 1284 in

154 1326 265 1355 nova
297 1314 511 1355 comoedia
530 1314 846 1355 celeberrimum
880 1318 950 1358 est,
985 1314 1132 1368 quodsi
1155 1312 1436 1374 Demaenetus
1467 1328 1524 1356 vs.
1550 1316 1672 1370 78sq.

156 1390 198 1428 et
227 1386 411 1428 Libanus
444 1400 500 1427 vs.
533 1386 617 1426 ‘256
650 1400 709 1440 sq.
742 1386 792 1426 ab
838 1386 913 1426 hac
946 1386 1108 1440 vulgari
1140 1386 1287 1440 regula
1318 1398 1408 1427 sese
1440 1399 1675 1428 recessuros

154 1471 245 1500 esse
278 1458 541 1514 profitentur,
583 1471 673 1499 eam
716 1459 800 1499 iam
840 1459 939 1499 satis
978 1459 1115 1499 tritam
1156 1459 1284 1499 fuisse
1326 1458 1436 1499 haud
1467 1459 1675 1500 immerito

154 1532 464 1574 concludemus.
530 1531 666 1583 Adde,
712 1531 821 1585 quod
855 1545 913 1571 vs.
949 1531 1001 1571 68
1033 1544 1119 1585 sqq.
1161 1531 1210 1571 ad
1244 1530 1488 1572 Menandrei
1519 1531 1675 1572 saeculi

151 1602 325 1645 fabulas.
357 1606 555 1657 spectant,
587 1605 716 1642 totum
753 1614 848 1641 vero
872 1605 1166 1655 argumentum
1199 1585 1410 1655 suffiti]
1444 1605 1507 1642 est
1525 1587 1558 1642 ae
1589 1602 1674 1642 vita

153 1675 373 1716 cotidiana.
421 1673 500 1715 Sed
534 1675 634 1715 haec
656 1675 828 1714 fortasse
861 1687 941 1713 non
968 1674 1085 1713 nimii
1110 1673 1276 1727 pendes,
1307 1673 1438 1714 multo
1460 1674 1674 1728 graviores

153 1750 253 1788 sunt
282 1759 341 1787 vs.
379 1747 459 1786 712
483 1760 592 1800 sqq:

557 1818 606 1858 Si
636 1818 798 1870 quidem
828 1818 930 1858 mihi
959 1821 1142 1857 statuam
1173 1821 1208 1858 et
1238 1830 1357 1857 aram
1387 1817 1538 1858 statuis

330 1890 466 1941 Atque
509 1893 553 1929 ut
603 1890 676 1930 deo
723 1890 780 1929 me?
822 1889 885 1929 liic
915 1890 1107 1930 immolas
1146 1889 1299 1930 bovem:
1340 1902 1441 1929 mim
1481 1901 1551 1942 eqo
1597 1889 1673 1930 tibi

1176 1960 1301 2001 Salus
1331 1973 1421 2000 sum
1452 1973 1484 2002 e.
1518 1974 1554 2015 q.
1585 1974 1616 2002 s.

154 2031 332 2074 Divinos
365 2033 541 2074 honores
573 2033 683 2087 quod
716 2033 865 2073 servoli
900 2032 978 2072 sibi
1014 2035 1198 2086 poscunt,
1229 2033 1270 2073 in
1304 2045 1352 2074 eo
1384 2046 1537 2088 magna
1567 2034 1677 2075 inest

156 2106 220 2147 vis
250 2106 421 2158 comica,
454 2105 636 2159 potuisse
668 2104 858 2158 flagitare
889 2109 1109 2158 antequam
1144 2117 1187 2146 re
1219 2118 1317 2146 vera
1346 2105 1534 2146 homines
1566 2118 1675 2146 mor-

153 2177 257 2218 tales
273 2177 446 2218 deorum
469 2178 599 2218 instar
618 2176 759 2217 haberi
783 2177 914 2230 coepti
939 2181 1046 2227 sunt,
1076 2177 1301 2230 praefracte
1324 2190 1444 2232 nego.
1490 2177 1673 2219 Libanus

154 2245 312 2306 ξᾳΙυῐίξ
343 2259 498 2289 numen
544 2249 624 2290 sibi
670 2248 867 2303 imponit,
910 2246 1091 2302 Σωτῆρες
1121 2247 1386 2306 Ptolemaeus
1418 2248 1520 2303 Lagi
1552 2249 1676 2303 filius,

157 2320 398 2375 Antigonus
442 2320 826 2375 Monoplitlialmus,
871 2307 1109 2362 Demetrius
1156 2320 1409 2363 Poliorcetes
1458 2323 1539 2362 iam
1587 2321 1674 2362 vivi

153 2392 489 2447 appellabantur,
530 2396 575 2434 ut
606 2393 729 2434 deum
774 2393 857 2433 iam
891 2392 1178 2452 Alexandrum
1214 2392 1414 2448 Magnum
1447 2393 1675 2434 adorabant

153 2463 318 2506 Persae.
377 2464 460 2506 Res
506 2465 627 2520 plane
668 2465 839 2517 similis,
883 2478 1024 2506 vorum
1074 2465 1203 2506 multo
1247 2451 1372 2506 etiam
1417 2465 1674 2507 manifestior

155 2549 281 2591 quam
312 2537 423 2592 quod
446 2537 679 2579 Pseudolus
711 2551 863 2592 magna
894 2550 937 2578 se
968 2537 1152 2578 facinora
1181 2537 1329 2579 decere
1360 2537 1525 2580 efficere
1557 2550 1672 2592 prae-

155 2608 278 2662 dicat,
313 2621 420 2664 quae
443 2613 534 2664 post
554 2609 634 2651 sibi
655 2610 765 2651 clara
787 2601 827 2650 et
849 2609 921 2650 diu
941 2609 1127 2651 clueant:
1160 2610 1348 2652 conferas
1370 2622 1536 2664 quaem,
1568 2621 1675 2664 quae

152 2682 197 2722 in
229 2682 441 2736 prooemio
473 2683 756 2736 exposuimus.

268 2753 360 2795 Iam
390 2757 529 2795 autem
561 2759 766 2815 mercator
788 2753 991 2808 Pellaeus,
1023 2752 1095 2807 qui
1117 2754 1302 2812 Atbenas
1334 2755 1449 2796 venit
1468 2753 1670 2808 pecuniae

153 2825 383 2868 solvendae
411 2838 561 2877 causa,
607 2812 649 2868 et
677 2826 933 2889 Peri-phanes
976 2825 1093 2866 dives
1136 2830 1338 2867 mercator
1379 2825 1568 2867 Rhodius
1601 2826 1673 2875 (vs.

153 2898 239 2939 449
270 2898 377 2952 sqq.)
417 2897 522 2938 nihil
567 2898 755 2940 efficiunt
795 2899 877 2939 nisi
917 2900 962 2938 ut
993 2896 1210 2940 Graeciam
1241 2898 1603 2953 septentrionalem
1635 2899 1676 2938 et

1341 2970 1368 3011 5
