1988 3273
862 183 914 224 67

132 298 256 353 signa
289 298 441 339 inferre
472 302 673 352 coc-perat.
738 299 844 338 Anto
877 314 910 339 a.
945 301 1024 339 531?
1060 299 1228 341 Rndens
1269 305 1378 340 certe
1421 314 1498 341 uon
1533 301 1651 342 docta

133 375 219 420 θεῖς
265 383 360 410 nam
394 375 680 424 praeterquam
727 371 835 424 quod
886 379 969 411 tum
1016 385 1182 425 quoque
1223 373 1261 412 in
1309 373 1449 412 Sicilia
1491 386 1649 426 pugna-

134 441 267 493 batur,
299 455 334 481 V.
370 442 472 481 746:

210 513 310 565 quid
342 526 428 552 mea
461 515 587 562 rrl'ert
619 512 799 552 Athenis
832 518 952 554 misac
983 516 1080 555 lmec
1111 529 1163 554 υη
1206 515 1352 556 Thebis
1381 517 1568 566 sic·›1t?*)

133 583 330 640 Diphilus
360 585 542 626 scribere
577 599 656 625 non
693 587 836 640 potuit,
870 589 945 627 nisi
969 588 1133 629 Thebae
1165 588 1321 628 (ludum
1347 588 1651 640 redintegratae

131 661 260 699 eraut.
321 656 582 708 Quamquam
627 659 761 711 priora
795 664 977 712 tempora
1020 664 1204 714 spectare
1238 660 1402 700 videtur
1431 659 1650 702 Stratonici

132 728 359 770 citharoedi
391 729 639 770 nobilissimi
674 730 829 769 mentio
863 735 912 780 (v.
948 733 1043 781 932,
1073 732 1123 771 et'.
1156 731 1292 772 Athen
1326 732 1423 772 VIII
1449 734 1531 773 348
1551 746 1652 787 sqq,

133 799 453 853 Ostermayerus
487 800 508 840 Ι.
543 800 565 840 l.
599 814 633 854 p.
667 801 740 847 60,
783 801 1131 843 Wilamowitzius
1175 803 1216 842 in
1257 803 1341 843 ind.
1385 804 1509 844 schol.
1544 804 1651 844 Gott.

137 873 296 921 1893s4
329 885 364 927 p.
402 872 489 922 16);
532 872 604 912 sed
647 872 717 913 ille
760 875 999 926 praesertim
1036 874 1300 915 Atheniensis
1343 876 1465 915 etiam
1489 875 1652 921 ¹multis

132 946 255 986 annis
281 948 382 997 -post
411 945 711 999 spectatoribus
743 952 865 986 notus
898 959 986 987 esse
1019 951 1186 1001 poterat.

247 1017 379 1058 Porro
411 1017 674 1058 adtendenda
715 1022 812 1058 sunt
845 1019 992 1061 verba.
1035 1032 1140 1073 quae
1173 1018 1349 1073 Gripus,
1396 1019 1466 1060 ubi
1509 1020 1651 1061 vidulo

133 1092 294 1144 reperto
338 1102 445 1143 quae
486 1089 565 1130 sibi
599 1103 686 1130 sors
716 1090 854 1131 futura
897 1091 950 1131 sit
981 1092 1119 1132 animo
1152 1092 1328 1145 cogitat,
1373 1090 1548 1132 effundit
1579 1093 1652 1143 (vs.

135 1162 217 1202 919
249 1162 364 1215 sqq).
425 1160 687 1213 Quamquam
723 1163 834 1202 enim
869 1164 908 1202 in
944 1176 978 1203 V.
1012 1164 1086 1203 931
1124 1176 1198 1203 rex
1238 1163 1341 1202 nihil
1375 1163 1487 1203 aliud
1520 1163 1652 1217 signi—

133 1233 258 1275 ficare
292 1233 455 1274 videtur
487 1234 565 1274 nisi
599 1234 771 1275 divitem
805 1235 1036 1283 hominem,
1079 1235 1121 1275 id
1153 1235 1261 1289 quod
1296 1239 1336 1276 et
1366 1235 1653 1276 antecedentia

134 1305 260 1347 verba
281 1311 465 1360 arguunt
496 1311 536 1347 et
561 1310 669 1347 totus
692 1307 992 1347 sententiarum
1026 1308 1137 1355 ordo,
1169 1311 1304 1348 tamen
1340 1320 1374 1347 V.
1399 1308 1480 1347 935
1513 1311 1651 1361 aperte

133 1378 254 1419 docet
274 1390 403 1431 regna
426 1379 506 1418 iam
532 1383 695 1419 exstare
727 1384 767 1419 et
785 1381 1045 1433 Antigonum
1069 1379 1347 1420 Cassandrum
1364 1379 1650 1421 Ptolemaeum

133 1448 428 1502 Lysimachum
465 1450 731 1503 Agathoclem
779 1464 924 1504 regum
970 1451 1111 1491 titulos
1154 1463 1397 1505 usurpasse3
1440 1456 1652 1505 praeterea

133 1521 244 1575 quod
276 1520 429 1575 Gripus
460 1521 579 1562 dicit:
619 1520 824 1573 Oppidum
856 1536 1051 1574 ”iriquum
1083 1522 1350 1572 commmeibo,
1390 1522 1426 1563 ei
1456 1535 1525 1575 eqo
1557 1523 1652 1563 urbi

136 1590 270 1642 Gripo
303 1591 446 1631 indam
477 1604 619 1632 women
657 1591 973 1632 Illonmnentum
1006 1606 1116 1631 mmm
1142 1594 1283 1644 famae
1313 1595 1347 1632 et
1377 1593 1527 1642 stactis,
1570 1606 1651 1633 non

134 1662 300 1703 videtur
319 1662 601 1703 Alexandreas
634 1663 727 1703 illas
759 1663 910 1704 multas
941 1668 1136 1717 spectare,
1168 1677 1262 1704 nani
1284 1665 1492 1718 expressis
1516 1664 1653 1705 verbis

132 1732 268 1774 addit:
316 1732 370 1771 ibi
404 1745 573 1783 reymmt
606 1745 801 1783 'menmium
833 1733 1076 1784 instituam,
1125 1733 1166 1773 id
1201 1734 1309 1787 quod
1344 1747 1423 1774 non
1458 1735 1654 1774 convenit

133 1804 307 1845 urbibus
337 1803 388 1844 ab
421 1804 663 1844 Alexandro
696 1804 850 1858 Magno
883 1806 1086 1851 conditis;
1131 1810 1287 1859 spectat
1318 1807 1454 1859 potius
1472 1807 1650 1860 Antigo-

131 1888 252 1917 neam
301 1874 598 1916 Cassandieam
647 1875 961 1927 Lysimacheam
1022 1877 1298 1918 Amasti-idem
1351 1878 1464 1918 alias.
1537 1877 1650 1932 Ergo

132 1947 234 1988 haec
267 1958 434 2000 quoque
466 1947 710 1987 dissuadent
742 1960 794 1988 ne
825 1947 1058 1989 Rudentem
1091 1953 1186 1989 ante
1218 1962 1251 1989 a.
1274 1949 1378 2001 303,
1419 1962 1500 2003 quo
1539 1949 1651 2003 Aga-

131 2018 288 2060 thocles
319 2019 445 2058 totius
476 2018 561 2059 fere
578 2017 745 2059 Siciliae
769 2019 1026 2060 dominatum
1060 2019 1251 2071 obtinuit,
1285 2020 1457 2061 Athenis
1488 2020 1649 2061 doctam

131 2103 221 2132 esse
251 2095 492 2131 statuamus.
556 2090 639 2130 Vix
674 2092 810 2143 potuit
840 2092 911 2145 agi
944 2096 1033 2145 post
1063 2106 1097 2132 a.
1131 2092 1226 2144 289,
1259 2104 1353 2132 nam
1387 2096 1473 2133 tum
1507 2106 1652 2133 rursus

130 2165 173 2204 in
207 2161 351 2203 Sicilia
382 2167 579 2216 perpetua
622 2162 729 2203 bella
761 2164 915 2204 civium
962 2176 1051 2204 sese
1084 2169 1339 2218 exceperunt
1378 2168 1418 2206 et
1449 2178 1544 2205 cum
1577 2177 1648 2219 po-

133 2235 349 2290 pularibus
381 2239 422 2275 et
452 2248 545 2275 cum
581 2234 766 2276 barbaris
797 2241 928 2288 gesta,
961 2236 1114 2289 quibus
1144 2236 1298 2277 factum
1332 2240 1404 2287 est,
1439 2240 1483 2278 ut
1511 2237 1652 2277 insula

129 2305 330 2360 paulatim
363 2304 440 2345 sub
464 2303 873 2359 Carthaginiensium
907 2306 1128 2359 imperium
1162 2306 1335 2356 veniret,
1367 2307 1499 2348 donec
1527 2306 1651 2359 Syra-

128 2377 273 2419 cusani
307 2376 512 2429 Pyrrhum
546 2376 701 2417 auxilio
735 2383 998 2418 vocaverunt.
1048 2377 1233 2418 Hierone
1265 2383 1404 2419 autem
1436 2379 1542 2419 duce
1573 2379 1651 2420 etsi

129 2448 275 2491 Sicilia
305 2461 449 2489 rursus
480 2447 673 2501 effloruit,
705 2452 842 2490 tamen
876 2449 946 2488 vix
975 2453 1154 2490 statuere
1185 2449 1283 2490 licet
1311 2450 1434 2490 etiam
1467 2453 1553 2491 tum
1575 2449 1651 2491 Di-

128 2521 291 2576 philum
333 2520 475 2562 fuisse.
543 2520 775 2560 Admodum
817 2521 949 2574 igitur
980 2519 1192 2573 probabile
1235 2520 1412 2562 arbitror
1442 2520 1649 2562 Rudentis

122 2591 368 2646 exemplum
402 2591 568 2632 doctum
601 2603 691 2632 esse
722 2590 830 2632 intra
863 2604 993 2631 annos
1026 2591 1107 2632 303
1139 2596 1180 2633 et
1211 2592 1305 2633 290.

244 2659 462 2709 Quomodo
492 2658 688 2714 Diphilus
718 2660 901 2701 fabulam
934 2661 1202 2714 inscripserit,
1240 2662 1507 2715 ignoramus;
1554 2674 1647 2703 nam

127 2731 324 2774 Schoellii
357 2731 518 2785 opinio,
564 2731 636 2784 qui
667 2731 710 2771 in
743 2744 846 2772 mus.
877 2730 1008 2772 Rhen.
1031 2730 1174 2773 XLIII
1203 2746 1241 2787 p.
1276 2733 1358 2773 298
1393 2730 1525 2786 Ηῄραν
1559 2745 1650 2774 eam

246 2897 281 2944 *)
310 2897 463 2933 Secutus
489 2907 567 2931 sum
594 2896 823 2932 Schoellium.
