1988 3273
958 173 1011 213 59

224 283 334 339 apud
366 283 506 338 Ipsum
538 285 799 326 commissam
813 286 863 334 *),
893 293 1001 328 corto
1033 288 1244 329 conditum
1278 293 1339 330 est
1370 303 1393 329 a
1425 287 1737 347 SeleucossNica—

225 358 312 396 tore
344 356 405 407 (ef.
436 354 582 396 Strabo
608 356 710 397 XIV
744 370 779 411 p.
814 359 921 407 749).
974 361 1147 414 Scripsit
1176 361 1307 411 igitur
1340 360 1527 401 Philemo
1555 360 1736 403 Thesau-

222 439 316 467 rum
345 426 630 481 compluribus
661 427 783 467 annis
815 434 905 482 post
936 444 1057 494 qna'un
1092 431 1292 471 Seleucus
1313 432 1476 484 Syriam
1510 433 1737 488 occupavit,

223 511 403 554 quocum
435 500 629 545 concinit,
658 500 767 553 quod
790 500 992 542 Stasimus
1023 516 1168 544 servus
1200 516 1251 543 ne
1277 502 1528 544 Lesbonicus
1558 503 1737 561 qliquem

221 569 277 612 ad
306 584 351 610 re
379 583 439 610 em
471 571 760 612 latrocinatum
792 571 979 613 abiturus
1010 574 1064 614 sit
1096 579 1261 614 veretur
1291 579 1343 622 (v,
1380 576 1488 624 722).

337 641 466 684 Porro
498 644 845 685 considerandum
880 650 959 696 ost,
998 659 1096 686 num
1129 645 1230 700 quid
1273 659 1326 687 ex
1361 659 1394 686 v.
1428 647 1508 686 :207
1542 647 1735 687 concludi

223 715 374 770 possit:

449 786 610 837 Sciunt,
642 787 741 840 quid
775 788 817 828 in
849 803 991 829 aurem
1023 803 1097 830 rese
1127 790 1299 842 reyinae
1331 789 1486 829 dixerit
1499 790 1570 842 **),

220 872 346 915 quem
379 873 450 915 pro
473 860 751 915 dittographia
774 861 1031 915 insequentis
1058 874 1202 903 versus
1224 862 1459 903 habendum
1493 875 1582 903 esse
1614 876 1734 917 nego,

221 931 429 986 siquidem
462 933 599 986 potius
639 944 711 986 per
739 932 1026 986 gradationem
1069 933 1120 974 ab
1163 945 1211 974 eo
1243 934 1484 987 pervenitur
1523 934 1574 974 ad
1605 934 1733 975 illud:

219 1004 356 1046 sciunt
397 1004 503 1056 quod
542 1002 652 1044 Imeo
691 1003 922 1056 subulam-sc
965 1018 1054 1045 cum
1098 1004 1205 1046 Iove.
1269 1005 1409 1046 Primo
1454 1006 1605 1063 obtuto
1637 1006 1734 1047 sub-

219 1074 432 1116 audiveris
463 1079 621 1116 certum
644 1087 785 1129 regem
803 1076 1144 1130 Thesaurumque
1175 1089 1223 1117 eo
1246 1081 1428 1130 temporo
1460 1077 1734 1130 conscriptam

219 1159 311 1188 esse
341 1146 580 1199 credideris,
612 1160 694 1201 quo
729 1148 912 1203 Athenae
944 1148 1020 1189 sub
1052 1147 1255 1190 Demetrii
1282 1148 1536 1188 Poliorcetae
1569 1148 1734 1189 dicione

219 1223 360 1271 erant,
400 1220 426 1260 i.
458 1232 492 1261 e.
525 1220 624 1262 inde
655 1220 706 1262 ab
746 1204 780 1261 εἷ.
800 1210 896 1262 294
929 1234 1060 1275 usqne
1099 1207 1217 1262 ad‘ass
1248 1212 1374 1261 28²o's
1403 1219 1632 1261 Obloentus
1673 1214 1734 1262 est

220 1291 539 1359 Osfflmayerus
580 1293 604 1334 l.
636 1293 660 1334 l.
691 1307 728 1348 p.
763 1280 827 1334 52².
889 1294 1141 1348 Ubicunque
1185 1283 1297 1334 enim
1339 1306 1362 1333 a
1402 1293 1563 1347 graecis
1604 1293 1734 1347 scrip-

218 1365 379 1407 toribus
409 1377 484 1406 rex
507 1378 602 1406 cum
622 1367 769 1420 regina
791 1367 1039 1407 coniunctus
1070 1366 1135 1418 sit,
1166 1366 1208 1406 id
1240 1365 1291 1406 ad
1315 1367 1525 1406 neminem
1548 1371 1733 1420 spectare

218 1437 302 1479 nisi
347 1437 398 1485 ad
443 1435 615 1492 ἆρχᾳντα
670 1437 834 1493 βασιλέα
879 1444 920 1479 et
973 1437 1192 1491 βασίλινναν
1235 1438 1326 1478 eius
1368 1450 1565 1491 uxorem,
1608 1451 1732 1480 versu

218 1515 372 1563 autem,
402 1510 453 1551 de
485 1495 567 1565 qub
598 1497 750 1566 'agium
782 1524 923 1566 regem
952 1498 1180 1564 signifi-cari
1215 1511 1387 1567 reginae
1407 1510 1732 1566 praecipientem

219 1583 319 1639 quid
361 1595 528 1637 quoque
568 1584 610 1624 in
649 1597 765 1625 sacro
795 1585 930 1625 facere
974 1594 1141 1624 neeesse
1181 1583 1254 1633 sit;
1297 1587 1421 1636 atque
1462 1583 1522 1623 sio
1563 1582 1730 1624 demum

218 1653 428 1708 quandam
460 1653 543 1694 vim
575 1655 712 1696 inesse
743 1655 785 1695 in
819 1654 1116 1708 Megaronidae
1147 1654 1297 1707 verbis,
1340 1654 1536 1707 quoniam
1570 1655 1734 1707 „omnia

217 1726 429 1779 mysteriis
459 1725 678 1766 obscurata
708 1713 886 1778 fuerint,
933 1730 977 1766 ut
1005 1726 1096 1767 fieri
1138 1738 1220 1766 non
1254 1725 1457 1780 potuerit,
1498 1729 1542 1765 ut
1579 1725 1623 1765 in
1657 1739 1730 1779 pu-

218 1796 373 1838 blicum
406 1797 642 1849 evaderent,
679 1809 785 1850 quae
817 1796 993 1838 dixisset
1025 1794 1206 1851 βασιλεὺς
1241 1795 1478 1851 βαςιὶ,ι”κν·(,,“
1530 1795 1731 1837 Profiteor

217 1865 556 1919 Ostermayerum
608 1866 711 1906 mihi
751 1867 1001 1907 sententiam
1055 1879 1173 1907 suam
1223 1878 1302 1906 non
1348 1865 1551 1920 probasse.
1625 1864 1732 1906 Mire

215 1938 398 1993 profecto
439 1938 632 1992 opinatus
673 1941 735 1978 est
774 1950 916 1992 regem
954 1951 1166 1980 sacrorum
1208 1938 1350 1990 uxori,
1391 1949 1497 1990 quae
1539 1937 1731 1979 facienda

216 2013 377 2063 essent,
419 2010 463 2050 in
504 2022 647 2050 aurem
679 2009 886 2050 dicentem
917 2009 1197 2064 significatum
1242 2022 1348 2058 esse,
1392 2009 1511 2062 quasi
1541 2006 1627 2050 fere
1658 2008 1729 2049 ad-

331 2140 366 2186 *)
393 2139 588 2174 Antiochia
614 2149 756 2183 quoque
782 2139 891 2184 paulo
919 2143 1002 2184 post
1038 2139 1137 2174 illam
1164 2139 1280 2184 ipsam
1306 2149 1463 2184 pugnam
1489 2137 1634 2173 condita
1662 2142 1728 2182 est,

214 2201 260 2238 cf.
289 2202 382 2236 Plut.
409 2201 568 2235 Demetr.
596 2202 651 2235 32.

329 2263 383 2309 **)
410 2263 608 2307 Plerosque
634 2262 791 2298 editores
818 2267 962 2298 secutus
990 2273 1077 2297 sum.
1125 2262 1351 2298 Coniunctivi
1376 2262 1597 2306 potentialis,
1625 2271 1729 2305 quem

211 2325 376 2370 agnoscit
402 2324 636 2369 Niemeyerus
672 2324 708 2358 in
733 2324 849 2358 Brixii
875 2323 1031 2358 editione
1058 2329 1208 2367 quarta,
1246 2324 1303 2358 hic
1335 2325 1452 2358 locum
1487 2323 1624 2357 nullum
1650 2332 1729 2357 esse

211 2391 292 2423 tota.
328 2386 450 2431 arguit
475 2385 737 2420 sententiarum
771 2386 886 2427 ratio3
922 2385 952 2419 si
985 2385 1095 2428 igitur
1129 2389 1291 2420 tenemus
1333 2395 1425 2429 quae
1461 2383 1599 2418 tradita
1632 2388 1727 2427 sunt,

211 2447 389 2484 transitus
423 2451 478 2482 est
504 2447 540 2480 in
567 2446 836 2480 constructione
863 2447 1016 2481 relativa
1050 2457 1071 2480 a
1097 2447 1324 2481 coniunctivo
1351 2446 1456 2481 modo
1492 2445 1538 2480 ad
1563 2445 1727 2480 indicati-

211 2520 314 2554 vum,
349 2509 451 2544 cuius
477 2508 665 2543 varietatis
691 2507 792 2542 nulla
826 2508 920 2542 ratio
947 2512 1111 2552 apparet.
1162 2508 1238 2542 Iam
1270 2508 1467 2543 clausulam
1506 2516 1631 2555 versus
1654 2509 1726 2555 207

211 2580 298 2615 eave
330 2574 504 2614 temptes,
538 2568 727 2612 flagitatur
765 2568 876 2611 igitur
909 2568 1130 2603 constructio
1162 2569 1442 2612 interrogativa,
1481 2578 1502 2602 a
1540 2577 1611 2611 qua
1655 2578 1726 2604 non

211 2630 321 2668 semel
348 2630 516 2664 Plautum
551 2628 598 2663 ad
632 2629 819 2663 relativam
856 2628 1031 2662 transisse
1057 2629 1222 2673 exempla
1255 2629 1384 2663 docent
1420 2638 1441 2662 a
1468 2627 1645 2662 Lorenzio
1679 2625 1726 2662 ad

212 2692 320 2727 Most.
354 2702 384 2725 v.
412 2692 480 2725 969
516 2690 638 2725 allata.
691 2690 907 2734 (forruptola
942 2689 1194 2733 antiquissima
1219 2710 1262 2718 -
1291 2701 1372 2724 nam
1407 2689 1452 2724 ad
1484 2689 1560 2723 eius
1586 2688 1727 2724 demum

212 2752 415 2797 exemplum
439 2752 674 2796 interpolatio
701 2751 835 2786 codicis
854 2754 882 2785 A
911 2751 946 2785 in
972 2762 1001 2785 v.
1022 2752 1090 2786 208
1115 2750 1216 2786 facta
1241 2751 1383 2786 videtur
1411 2771 1450 2776 —
1478 2751 1514 2784 ni
1539 2748 1650 2784 fallor
1675 2750 1728 2785 ita

212 2818 295 2848 orta.
319 2817 395 2856 est,
433 2817 474 2848 ut
506 2813 547 2848 id
572 2812 658 2847 olim
683 2817 913 2862 cogreqturae
938 2821 1065 2863 93⁹³?
1082 2822 1192 2858 super
1224 2813 1319 2858 quod
1343 2812 1518 2856 scriptum
1542 2811 1599 2857 (ut
1623 2810 1726 2847 fieret

214 2875 316 2922 quid)
342 2878 472 2920 postea
495 2874 532 2909 in
558 2884 700 2909 versum
726 2861 924 2918 irrepserit.
