2023 3299
1029 205 1082 247 52

269 325 342 383 Π
363 339 399 380 p.
423 324 533 377 492),
579 323 628 364 (10
661 335 742 378 quo
775 326 916 363 auctor
947 324 1010 362 est
1039 321 1219 363 Zonaras
1252 322 1305 377 (8,
1327 323 1374 364 8:
1422 323 1456 364 οἱ
1488 322 1819 379 Μαμερτῖνοι...

301 398 387 437 τότε
421 397 452 436 ὃ
485 393 558 435 υπὸ
586 393 767 450 Ιέρωκος
801 392 1122 448 πολιορκούμενοι
1155 394 1442 437 ἐπεκαλέσαντο
1471 394 1822 453 τοῦξΡωμαίους)

301 476 340 512 ct
371 471 413 511 in
447 484 527 525 quo
559 483 654 510 cum
686 469 833 510 hoium
863 468 990 522 legati
1011 467 1187 509 Romam
1208 469 1324 510 missi
1347 470 1555 512 auxilium
1579 474 1625 512 ut
1645 470 1823 513 ferretur

300 542 735 597 irnpet1·axisse11t,id
780 545 824 582 ut
865 541 1029 581 initum
1072 540 1225 582 faceret
1264 541 1431 601 Hanno
1453 542 1824 608 Carthaginiensis,

302 614 373 667 qui
405 625 538 653 arcem
560 611 775 652 Messanae
796 614 1079 665 occupaverat,
1110 623 1256 664 pacem
1266 603 1521 654 conciliavit
1541 613 1650 655 inter
1681 626 1751 655 eos
1782 616 1824 654 et

268 668 537 726 Hieronem.
585 684 781 733 Quartam
799 683 1109 738 expeditionem
1131 697 1165 725 a.
1185 684 1269 724 264
1293 697 1376 726 una
1393 698 1488 726 cum
1502 685 1820 741 Carthaginien-

300 757 416 798 sibus
459 756 576 810 t'ecit,
629 769 725 797 011111
770 755 1009 797 Mamertini
1057 755 1100 797 C.
1150 756 1373 798 Claudium
1418 757 1462 798 in
1511 758 1656 800 urbem
1690 756 1820 800 'suam

298 830 551 884 recepissent
580 832 621 870 et
641 827 890 870 Hannonem
923 841 977 869 ex
1008 840 1057 870 ea
1086 829 1282 871 recedere
1307 831 1545 884 coegissent
1575 830 1687 883 (Zon.
1709 831 1748 885 8,
1771 831 1818 883 9;

299 902 419 944 Diod.
454 901 585 942 XXII
623 902 688 955 13,
712 903 758 953 93
802 900 955 942 XXIII
978 901 1015 955 1,
1037 901 1089 954 2).
1162 901 1530 957 Carthaginienses
1572 907 1710 945 autem
1755 902 1821 947 bis

300 974 531 1016 Messanam
570 988 592 1015 a
623 974 895 1027 Syracusanis
936 978 1210 1015 servaverunt
1252 975 1487 1029 obsessam,
1511 989 1564 1037 ῄ(11.
1597 976 1680 1017 270
1713 975 1822 1017 (11109

299 1046 536 1088 Hannibale
569 1045 705 1097 (Diod.
737 1046 867 1087 XXII
893 1047 957 1100 13,
981 1047 1032 1100 7),
1073 1060 1108 1109 a.
1143 1047 1226 1087 265
1262 1047 1481 1089 Hannone.
1554 1040 1818 1103 Quamquam

299 1120 405 1160 hanc
436 1119 617 1160 nominis
649 1119 942 1173 diversitatem,
985 1132 1092 1174 quae
1122 1120 1346 1161 intercedit
1375 1121 1485 1162 inter
1515 1120 1748 1174 Diodorum
1779 1123 1821 1162 et

298 1191 513 1245 Zonaram,
550 1191 722 1232 forsitan
754 1205 836 1232 non
867 1192 925 1232 ita
954 1192 1101 1246 magni
1132 1193 1333 1234 momenti
1366 1205 1456 1234 esse
1487 1193 1711 1247 putaveris,
1742 1204 1820 1234 nec

297 1264 476 1319 profecto
509 1277 587 1319 ego
618 1264 654 1305 is
686 1277 798 1317 sum,
839 1265 910 1318 qui
940 1263 1192 1306 Hannibalis
1224 1277 1398 1319 nomen,
1441 1265 1478 1305 si
1507 1265 1618 1320 apud
1648 1263 1818 1306 Livium

295 1337 395 1390 fuit,
437 1341 508 1378 aut
537 1350 561 1377 a
592 1335 729 1378 Dione
760 1341 831 1377 aut
861 1351 884 1377 a
914 1336 1074 1378 Zonara
1106 1350 1178 1392 per
1220 1350 1403 1379 errorem
1442 1337 1596 1379 mutari
1633 1337 1819 1392 potuisse

298 1422 471 1464 negem,
519 1410 591 1451 sed
624 1422 706 1450 non
739 1409 908 1462 desunt,
949 1423 1056 1465 quae
1088 1410 1191 1466 duas
1222 1410 1440 1452 Messanae
1473 1410 1766 1466 occupationes
1795 1422 1821 1451 a

298 1482 713 1537 Carthaginiensibus
743 1483 870 1524 factas
901 1495 991 1524 esse
1022 1483 1226 1525 suadeant
1252 1488 1297 1524 ut
1318 1496 1574 1525 censeamus.
1600 1491 1603 1494 “
1633 1482 1819 1524 Diodoro

297 1559 399 1597 teste
431 1555 668 1596 Mamertini
712 1569 808 1596 cum
852 1556 1081 1597 exercitum
1122 1569 1244 1597 suum
1287 1556 1397 1611 apud
1428 1555 1564 1609 Mylas
1607 1555 1819 1597 devictum

297 1632 420 1683 atque
441 1627 560 1669 Cium
583 1630 872 1682 imperatorem
897 1630 1079 1671 occisum
1103 1642 1192 1671 esse
1211 1630 1521 1684 comperissent,
1543 1629 1821 1671 decreverunt

297 1700 462 1741 veniam
493 1700 691 1741 Hieronis
722 1701 943 1755 implorare
976 1701 1207 1754 urbemque
1239 1702 1278 1743 ei
1309 1702 1472 1743 tradere
1507 1700 1653 1753 (XXII
1685 1699 1816 1754 13,6:

297 1769 447 1825 ἔκριναν
491 1770 578 1825 μεθ’
625 1771 817 1827 ἱκετηρίας
859 1773 1030 1814 ἀπαντᾶν
1072 1774 1127 1829 τῷ
1169 1773 1322 1829 βασιλεῖ
1362 1806 1483 1825 .....,
1520 1774 1565 1814 7:
1607 1771 1818 1827 μέλλοντας

298 1844 558 1898 παραδιδόναι
590 1842 658 1898 τὴν
690 1845 837 1899 πόλιν),
880 1847 990 1901 apud
1022 1847 1250 1899 Polybium
1281 1850 1322 1887 et
1352 1846 1557 1887 Zonaram
1588 1845 1695 1886 nihil
1726 1846 1818 1887 eius

297 1917 433 1969 modi,
479 1917 630 1959 deinde
652 1917 861 1959 Diodorus
892 1922 1031 1960 narrat
1058 1918 1339 1960 Hannibalem
1370 1931 1446 1959 sua
1476 1921 1621 1972 sponte
1652 1917 1818 1959 venisse

296 1993 337 2030 et
365 1990 623 2044 dissuasisse,
654 2003 706 2031 ne
739 1991 836 2031 urbs
866 1991 1042 2032 Hieroni
1073 1991 1316 2044 traderetur,
1347 1989 1572 2042 Polybium
1612 1993 1654 2032 et
1683 1989 1816 2030 Zona—

296 2075 383 2102 ram
430 2062 466 2103 si
512 2063 750 2117 sequimur,
797 2063 1035 2104 Mamertini
1081 2063 1494 2118 Carthaginiensium
1541 2062 1691 2104 ducem
1736 2062 1818 2117 ipsi

297 2136 613 2189 arcessiverunt,
654 2140 866 2189 praeterea
897 2136 1007 2190 apud
1037 2136 1158 2177 illum
1190 2137 1390 2186 salutem,
1433 2135 1485 2176 de
1517 2148 1600 2189 qua
1629 2135 1715 2176 iam
1746 2133 1817 2176 (19-

297 2212 582 2261 speraverant,
623 2212 990 2263 recuperaverunt,
1031 2209 1191 2250 Zonara
1222 2212 1388 2250 auctore
1419 2208 1605 2263 graviter
1633 2207 1820 2249 tulerunt

297 2280 435 2334 copias
472 2280 708 2321 Poenorum
754 2282 797 2321 in
844 2295 936 2323 arce
980 2295 1056 2323 sua
1096 2282 1326 2324 collocatas.
1389 2283 1527 2338 Igitur
1556 2281 1816 2324 Diodoreum

296 2356 536 2407 excerptum
568 2353 700 2394 XXII
734 2355 807 2407 13,
849 2355 959 2409 quod
991 2359 1165 2410 excepta
1196 2356 1343 2397 ultima
1375 2356 1633 2410 paragrapho
1669 2353 1815 2408 procul

298 2421 424 2463 dubio
467 2426 702 2464 contextam
743 2425 804 2466 rei
845 2427 1148 2480 expositionem
1195 2427 1484 2482 complectitur
1523 2429 1565 2468 et
1592 2426 1817 2479 integram,

294 2494 471 2548 primam
503 2494 718 2537 Messanae
751 2498 1066 2549 occupationem
1098 2499 1290 2550 tradidit,
1333 2500 1506 2540 alteram
1539 2497 1744 2551 Polybius
1775 2498 1818 2550 et

296 2567 487 2608 Zonaras.
532 2567 743 2609 Nimirum
777 2582 859 2611 una
881 2570 1103 2612 difficultas
1125 2574 1324 2626 remanet,
1355 2584 1492 2626 neque
1517 2570 1630 2612 enim
1654 2572 1814 2612 certum

297 2642 380 2693 est,
421 2640 587 2694 quando
626 2645 667 2681 et
697 2655 778 2695 quo
811 2643 931 2684 modo
964 2643 1332 2699 Carthaginienses
1374 2647 1468 2703 post
1507 2657 1541 2685 a.
1574 2643 1678 2697 279,
1721 2644 1817 2683 ante

294 2725 330 2752 a.
364 2712 446 2752 265
478 2725 531 2753 ex
564 2726 612 2754 ea
643 2716 907 2768 recesserint,
955 2717 1028 2758 sed
1061 2718 1386 2772 discrepantiae,
1416 2703 1534 2771 'quas
1572 2716 1684 2757 inter
1712 2713 1815 2756 Dio-

295 2782 385 2823 dori
416 2786 456 2823 et
477 2783 645 2837 Polybii
667 2785 933 2842 Zonaraeque
956 2789 1216 2830 narrationes
1238 2788 1516 2842 intercedunt,
1547 2791 1632 2829 tam
1662 2797 1814 2843 graves

293 2859 402 2910 sunt,
431 2859 477 2897 ut
507 2856 671 2898 diversa
702 2872 771 2901 eos
801 2874 990 2904 narrasse
1021 2862 1126 2904 mihi
1160 2861 1331 2914 quidem
1365 2861 1511 2917 negari
1551 2860 1664 2903 haud
1694 2870 1815 2915 posse

286 2927 495 2970 videatur.
