2023 3299
1030 225 1082 265 14

307 352 375 390 ant
413 350 564 388 aestate
603 345 698 385 anni
735 344 815 383 :30ss
858 344 998 381 contra
1037 353 1130 380 eum
1173 339 1378 393 profectus
1418 335 1594 387 essem,
1637 345 1818 388 quonam

307 419 439 468 modo,
471 428 636 470 quaeso,
671 411 980 465 (¹ratesipolidis
1004 410 1134 456 miles,
1164 409 1200 449 si
1233 409 1332 448 haec
1356 419 1522 461 quoquo
1540 404 1818 446 Macedonum

307 491 394 543 regi
430 490 577 530 intesta
608 487 770 528 fuisset,
815 485 997 524 Athenas
1038 482 1261 523 convenire
1305 483 1345 520 et
1375 479 1633 520 meretricem
1681 488 1819 517 emere

308 563 459 616 potuit,
506 573 599 600 inex
634 557 817 599 caculam
861 567 979 594 ¹suurn
1026 554 1169 594 eodeni
1204 552 1400 592 mittere?
1466 550 1588 604 Atqui
1620 547 1818 589 Pseudoli

305 638 466 687 tenipus
497 635 576 672 tani
611 634 719 671 certo
753 628 1018 669 cinistitutuin
1052 629 1136 672 est,
1181 628 1223 664 nt
1266 636 1313 664 ea
1345 624 1433 676 ipsa
1466 623 1583 662 nisus
1614 619 1722 660 haud
1755 620 1820 659 in-

307 707 413 746 iuria
444 706 612 744 fortasse
660 715 724 742 res
770 701 932 740 illorum
975 710 1175 738 annorum
1219 696 1426 736 illustrare
1468 706 1586 748 posse
1627 691 1819 732 videaris.

307 777 508 826 Qualibus
555 776 594 814 in
639 772 896 825 argumentis
928 770 1207 810 coniecturam
1254 780 1369 807 suam
1405 766 1608 820 posuerit,
1650 763 1821 804 Niesius

307 861 509 902 nusquam
542 846 751 887 indicavit.
812 844 890 883 Sed
935 842 995 882 vol
1040 855 1114 895 per
1152 854 1195 882 sc
1238 853 1286 881 ea
1318 852 1398 879 non
1445 843 1508 879 est
1540 838 1626 878 veri
1657 835 1819 877 similis.

307 922 546 961 Alexander
576 916 916 971 Polyperchontis
946 913 1057 954 filius
1088 927 1124 953 a.
1159 913 1240 952 315
1284 924 1378 952 cum
1418 910 1468 950 ab
1503 910 1717 962 Antigono
1749 907 1820 948 de-

304 994 479 1036 fecisset,
511 989 785 1044 Peloponnesi
819 987 1046 1041 praefectus
1088 999 1111 1025 a
1143 984 1373 1025 Cassandro
1406 986 1569 1023 creatus
1606 981 1731 1021 huius
1762 979 1819 1020 le-

304 1067 451 1120 giones
482 1064 661 1104 obtinuit
692 1061 825 1113 (Diod.
857 1058 965 1099 XIX
996 1058 1063 1103 64,
1083 1059 1131 1098 3:
1166 1055 1230 1096 mi
1260 1054 1465 1108 δυνάμεως
1497 1052 1713 1097 ἀποδείξειν
1748 1049 1820 1091 κύ-

309 1138 407 1191 ριον)
440 1141 562 1189 atquc
594 1147 701 1175 anno
733 1136 846 1187 post,
888 1144 981 1171 cum
1013 1130 1180 1171 hostilia
1221 1129 1372 1183 oppida
1412 1130 1699 1181 expugnatum
1741 1125 1822 1166 iter

306 1208 470 1259 faceret,
501 1221 524 1247 a
555 1206 762 1257 Sicyoniis
794 1202 1041 1258 quibusdam
1073 1201 1305 1242 libertatem
1338 1198 1628 1254 appetentibus
1659 1197 1821 1238 occisus

307 1285 377 1322 est.
438 1279 656 1333 Copiarum
689 1278 779 1318 eius
809 1276 1029 1330 imperium
1062 1273 1328 1327 Cratesipolis
1361 1271 1578 1325 usurpavit
1607 1273 1648 1311 et
1676 1269 1822 1322 Sicyo·

307 1353 398 1393 nios
427 1351 674 1392 rebellantes
705 1350 847 1390 adorta
877 1347 1086 1401 oppressit.
1139 1345 1243 1386 Cum
1275 1346 1406 1398 igitur
1435 1345 1478 1384 in
1511 1344 1601 1384 eius
1633 1342 1821 1384 exercitu

309 1437 381 1466 eae
413 1436 578 1478 qnoque
609 1423 751 1477 copiae
781 1421 952 1467 fuerint,
997 1432 1099 1473 quas
1131 1418 1375 1459 Alexander
1405 1429 1513 1458 anno
1546 1419 1640 1456 ante
1671 1428 1695 1456 a
1725 1413 1823 1456 Cas-

309 1498 458 1538 sandro
498 1499 733 1549 acceperat,
777 1493 900 1535 verbo
941 1492 1085 1533 saltem
1131 1491 1279 1531 marito
1318 1491 1360 1530 in
1405 1489 1661 1543 praefectura
1701 1486 1822 1528 Pelo-

308 1570 479 1624 ponnesi
511 1568 758 1609 successisse
791 1566 973 1617 videtur,
1017 1576 1270 1618 quamquam
1308 1575 1352 1602 re
1392 1574 1489 1602 vera
1532 1573 1608 1601 suo
1651 1560 1821 1602 nomine

308 1639 486 1693 Sicyone
526 1643 564 1680 et
596 1638 783 1679 Corinthi
815 1637 1044 1677 dominavit
1074 1634 1314 1688 militesque
1358 1646 1441 1673 non
1483 1637 1564 1673 tam
1599 1631 1822 1673 Cassandri

309 1726 431 1767 quam
463 1724 562 1753 suae
594 1711 724 1765 ipsius
755 1709 955 1750 voluntati
987 1707 1134 1748 habuit
1163 1706 1348 1746 addictos
1380 1704 1516 1756 (Diod.
1538 1703 1649 1745 XIX
1679 1704 1746 1755 67,
1769 1705 1818 1745 2:

307 1783 539 1824 ἐδυνάστευε
584 1786 660 1822 τῶν
694 1781 939 1824 Σικυωνίων,
982 1778 1131 1834 ἔχουσα
1163 1776 1330 1822 πολλοὺς
1362 1777 1602 1831 στρατιώτας
1642 1775 1822 1830 ἑτοίμους

308 1858 360 1902 εἰς
392 1855 515 1896 πάντα
547 1855 748 1905 κίνδυνον).
809 1854 925 1894 Certe
957 1857 1092 1894 auten]
1128 1864 1209 1892 non
1241 1851 1283 1890 in
1306 1850 1514 1903 Antigoni
1546 1853 1680 1890 castra
1709 1853 1822 1890 tran-

308 1931 397 1971 siit:
440 1930 502 1969 fac
534 1929 644 1969 enim
678 1941 767 1968 eam
800 1940 895 1967 cum
926 1926 996 1966 illo
1026 1925 1266 1966 societatem
1297 1924 1448 1963 inisse:
1498 1934 1637 1963 nonne
1667 1936 1703 1963 a.
1737 1923 1820 1964 313

306 2005 432 2042 totam
453 2000 783 2053 Peloponnesum
805 2010 972 2038 censere
994 1997 1185 2050 cogimur
1214 1996 1258 2035 in
1289 1995 1404 2035 illius
1426 1997 1626 2048 potestate
1656 1994 1819 2035 fuisse?

307 2072 540 2113 Tenebatur
560 2070 870 2123 Cratesipolidis
900 2067 1239 2121 Polyperchontis
1257 2066 1512 2106 Aristodemi
1543 2066 1687 2120 copiis,
1718 2066 1824 2107 nihil

309 2145 502 2185 audimus
534 2143 583 2184 (le
601 2142 841 2183 Cassandri:
876 2152 1011 2180 nonne
1034 2152 1177 2180 censes
1199 2139 1324 2179 huius
1357 2150 1454 2192 opes
1485 2139 1528 2178 in
1562 2151 1611 2178 ea
1633 2138 1823 2180 funditus

308 2227 471 2255 eversas
503 2214 623 2254 esse?
680 2211 762 2252 Cur
792 2212 922 2264 igitur
950 2209 1222 2262 Telesphorus
1253 2222 1286 2248 a.
1320 2209 1401 2248 3123
1435 2220 1482 2248 eo
1514 2207 1822 2261 proficiscitur?

309 2285 440 2325 Vides
470 2285 519 2325 de
552 2285 671 2325 annis
703 2285 785 2323 314
817 2287 856 2323 et
888 2284 967 2322 313
999 2281 1134 2322 Niesii
1166 2280 1412 2321 sententian]
1447 2279 1607 2320 collabi.
1658 2279 1822 2323 Deinde

309 2358 599 2411 Telesphorum
645 2369 737 2397 cuin
772 2355 960 2407 Sicyonis
1004 2357 1046 2395 et
1077 2352 1264 2393 Corinthi
1296 2352 1479 2392 dominis
1525 2365 1672 2394 manus
1711 2366 1823 2394 com-

311 2431 472 2470 misisse
504 2430 609 2469 infra
641 2428 710 2469 ubi
744 2427 794 2467 ‹le
826 2427 1072 2467 Curculione
1111 2437 1176 2466 res
1209 2425 1287 2465 erit
1317 2436 1585 2478 exponemus.
1647 2425 1822 2467 Minime

309 2515 404 2543 vero
436 2501 604 2542 Niesius
636 2500 845 2554 perspexit
874 2498 1215 2553 Polyperchontis
1247 2497 1468 2550 ingenium
1512 2500 1553 2537 et
1583 2497 1823 2540 inconstans

311 2578 351 2615 et
380 2573 595 2614 connnodo
636 2573 832 2625 lucroque
879 2584 1044 2625 prorsus
1082 2570 1279 2610 deditum.
1343 2570 1390 2609 A.
1424 2570 1507 2609 315
1552 2583 1646 2610 cum
1687 2571 1824 2613 facere

313 2646 437 2686 nollet
476 2658 567 2686 euni
611 2645 900 2684 inimicissimo
933 2642 1186 2689 Cassandro,
1229 2656 1251 2682 a
1291 2654 1372 2695 quo
1405 2641 1604 2682 Graeciae
1646 2643 1822 2698 imperio

309 2717 492 2770 privatus
524 2719 621 2760 erat,
652 2717 691 2755 in
714 2716 913 2769 Antigoni
940 2719 1072 2769 partes
1094 2714 1258 2755 transiit
1288 2713 1338 2754 ab
1367 2726 1500 2767 eoque
1523 2715 1822 2768 praefecturam

428 2884 461 2929 ²²³)
489 2885 560 2918 Sub
586 2884 690 2918 finem
722 2884 826 2917 huius
863 2885 945 2918 anni
970 2884 1145 2919 Hercules
1172 2886 1322 2918 necatus
1354 2887 1410 2917 est
1436 2884 1620 2918 Demetrio
1647 2885 1824 2920 Phalereo

310 2945 462 2980 Athenis
489 2947 661 2980 archonte
689 2945 806 2990 (Diod.
835 2946 931 2988 XIX,
958 2946 1028 2990 23).
