1988 3273
947 185 993 224 21

217 300 457 357 legionibus
499 311 590 342 esse
635 299 892 340 militatum?
962 300 1182 343 Praeterea
1227 315 1350 343 unam
1395 309 1535 344 contra
1580 304 1738 346 Arabes

213 371 526 426 expeditionem
559 370 754 410 novimus
785 383 821 410 a.
847 370 976 420 312²&
1010 386 1032 411 a
1050 370 1260 413 Demetrio
1282 371 1480 413 adversus
1508 373 1740 415 Nabataeos

217 446 475 497 susceptam,
516 453 641 483 unam
684 445 827 482 contra
857 441 1039 482 Rhodios
1074 443 1122 495 (a.
1155 444 1268 495 305),
1299 444 1402 485 duas
1433 450 1574 486 contra
1605 445 1740 498 Caras,

219 528 327 570 quos
358 515 601 569 Antigonus
631 528 665 555 a.
690 515 771 555 313
805 518 845 555 et
875 515 956 554 312
990 516 1168 571 subegit,
1198 529 1342 557 omnes
1372 517 1504 571 igitur
1534 518 1585 558 ab
1617 519 1740 559 liuius

217 585 349 640 copiis
391 588 553 640 gestas:
596 597 695 626 num
740 583 1024 625 dubitabimus
1068 589 1204 627 cetera
1245 585 1352 627 bella
1402 586 1443 626 in
1491 586 1739 629 Curculione

218 661 384 700 narrata
426 658 583 700 eisdem
618 657 831 699 tribuere?
894 656 1191 711 Paplelagyonas
1233 662 1273 699 ct
1311 658 1490 710 Sinopas
1534 658 1740 701 Soltavius

218 729 271 772 ad
302 729 413 771 idem
447 730 654 784 Antigoni
685 730 764 770 iter
794 729 1000 783 pertinere
1033 729 1256 783 contendit,
1289 743 1370 784 quo
1400 729 1565 784 Persas,
1596 744 1738 786 parum

218 806 353 855 reete,
399 815 537 857 neque
579 803 692 843 enim
725 802 814 844 veri
844 802 980 843 simile
1022 807 1083 843 est
1121 814 1217 844 eum
1249 816 1282 843 a.
1316 803 1396 843 317
1443 802 1548 843 ultra
1588 803 1739 845 Noram

219 875 452 928 castellum,
475 874 547 916 ubi
564 874 777 916 Eumenes
796 874 1074 921 obsidebatur,
1097 887 1360 930 progressum
1386 875 1568 931 esse-*²¹33
1614 877 1740 917 immo

221 947 561 990 subaudiendum
593 950 656 988 est
686 946 843 987 bellum
875 960 898 987 a
932 947 1166 989 Ptolemaeo
1191 946 1393 988 Demetrii
1426 948 1512 988 tilio
1544 948 1742 990 adversus

221 1020 446 1062 Cassandri
476 1020 666 1075 legiones
683 1018 765 1071 ***)
798 1033 833 1060 a.
868 1021 950 1060 315
983 1024 1159 1074 gestum,
1191 1033 1272 1074 quo
1304 1020 1355 1061 do
1387 1020 1481 1061 vide
1513 1019 1741 1061 Diodorum

221 1091 334 1134 XIX
365 1092 433 1133 60.
495 1091 625 1133 Porro
657 1091 758 1146 Syn·
791 1116 842 1120 —
876 1092 909 1133 si
945 1093 1112 1146 quidem
1156 1092 1258 1134 haee
1301 1106 1381 1134 vox
1423 1105 1525 1134 sana
1567 1096 1648 1145 est,
1693 1093 1743 1134 cf.

221 1165 332 1206 infra
362 1187 416 1192 —-
448 1168 587 1219 aperte
619 1168 807 1219 spectant
837 1164 887 1206 ad
921 1164 1084 1217 Syriam
1115 1178 1150 1206 a.
1184 1165 1266 1205 315
1299 1164 1375 1206 vel.
1407 1178 1431 1206 a
1463 1166 1544 1206 312
1583 1178 1743 1220 expug-

222 1240 382 1290 natam,
422 1235 556 1291 Lycia
589 1241 662 1278 ant
691 1237 743 1278 ad
775 1249 866 1278 cam
899 1238 1236 1290 expeditionem,
1283 1250 1407 1291 quam
1439 1236 1676 1279 Demetrius
1707 1250 1742 1278 a.

224 1310 308 1352 305
353 1313 496 1351 contra
537 1309 722 1351 Rhodios
767 1310 969 1364 suscepit,
1013 1314 1084 1351 aut
1123 1309 1175 1351 ad
1217 1309 1372 1351 bellum
1417 1323 1511 1351 cum
1553 1309 1743 1351 Asandro

224 1381 370 1424 Cariae
401 1386 568 1437 satrapa
598 1386 762 1437 gestum
800 1407 852 1412 —
884 1396 980 1423 nam
1004 1382 1206 1437 copulam,
1238 1396 1363 1437 quam
1392 1382 1565 1424 Plautus
1597 1382 1746 1437 posuit,

225 1467 328 1496 num
359 1455 531 1496 atticum
564 1455 808 1507 exemplum
840 1454 1052 1508 habuerit,
1087 1455 1301 1497 *incertum
1345 1459 1406 1496 est
1436 1480 1503 1496 —.
1566 1455 1614 1496 Iu
1648 1467 1746 1497 voce

228 1525 433 1569 Oretanos
483 1525 692 1569 Soltavius
738 1526 911 1569 offendit
964 1528 1248 1582 grammaticis
1299 1527 1530 1569 rationibus
1588 1527 1749 1579 ductus,

229 1600 330 1655 quia
360 1612 482 1640 nemo
515 1612 701 1654 unquam
734 1600 892 1641 incolas
910 1599 1053 1642 Cretae
1085 1600 1247 1642 insulae
1265 1599 1461 1641 Oretanos
1492 1600 1748 1655 appellasset,

226 1671 401 1714 fortasse
432 1672 559 1713 nimis
589 1671 810 1726 subtiliter,
843 1686 938 1714 nam
971 1677 1259 1728 praeterquam
1292 1673 1403 1727 quod
1434 1673 1561 1714 latine
1593 1673 1748 1727 finitur,

227 1742 406 1799 Sinopes
437 1757 605 1799 quoque
651 1745 808 1787 incolas
839 1758 961 1787 nemo
994 1745 1105 1800 quod
1135 1746 1317 1787 sciamus
1347 1744 1559 1787 Romanus
1588 1749 1750 1800 praeter

229 1813 427 1856 Plautum
468 1813 665 1870 Sinopas,
707 1828 785 1856 nec
831 1815 1052 1870 quisquam
1095 1814 1231 1857 Rhodi
1280 1816 1438 1857 incolas
1491 1814 1749 1858 Rhodienses

228 1887 464 1929 nominavit
494 1889 680 1943 exeeptis
712 1888 867 1930 Catone
908 1893 948 1930 et
978 1888 1128 1930 Luscio
1160 1889 1379 1930 Lanuvino
1393 1887 1515 1942 ****)
1577 1887 1659 1930 Sed
1690 1893 1752 1930 est

229 1971 344 2013 sane,
376 1960 489 2014 qnod
519 1960 762 2014 scrupulum
794 1964 972 2002 moveat.
1024 1959 1139 2010 Quae
1170 1960 1306 2002 adhuc
1337 1961 1541 2014 parasitus
1571 1960 1750 2015 gloriose

231 2032 500 2087 praedicavit,
531 2033 673 2074 omnia
703 2033 888 2074 vidimus
931 2033 981 2074 ad
1016 2046 1113 2074 vera
1144 2033 1252 2074 bella
1282 2033 1506 2074 convenire
1537 2045 1668 2087 eaque
1699 2032 1750 2074 ab

231 2104 449 2160 Antigono
490 2104 555 2146 vel
595 2105 686 2146 eius
717 2105 895 2147 ducibus
926 2109 1067 2160 gesta,
1115 2106 1230 2160 atqui
1271 2106 1315 2146 in
1347 2104 1468 2147 Creta
1506 2118 1580 2159 per
1620 2108 1750 2146 totum

232 2176 313 2218 hoo
342 2180 506 2232 tempus
537 2189 676 2232 neque
707 2176 758 2218 ab
788 2177 1005 2232 Antigono
1037 2188 1173 2231 neque
1209 2176 1260 2218 ab
1293 2176 1374 2218 alio
1407 2190 1616 2231 quoquam
1648 2190 1753 2231 pug-

233 2251 381 2290 natum
425 2251 498 2290 est.
560 2247 676 2298 Quae
719 2261 815 2290 eum
856 2249 915 2290 ita
953 2249 1055 2301 sint,
1095 2249 1226 2290 fateor
1267 2261 1334 2290 me
1376 2261 1517 2290 vocem
1559 2247 1756 2290 Oretanos

351 2415 385 2462 *)
412 2415 466 2452 De
492 2419 656 2462 tempore
682 2415 763 2451 vide
787 2415 889 2451 infra
914 2414 960 2451 ad
986 2415 1144 2450 Persam.

352 2478 408 2525 **)
434 2479 490 2514 De
515 2479 589 2514 situ
606 2479 729 2514 Norae
755 2478 801 2514 cf.
818 2479 1026 2524 Droysenus
1041 2476 1145 2512 Diad.
1164 2478 1228 2522 Ip.
1251 2479 1326 2513 158.
1346 2479 1422 2521 160,
1448 2476 1593 2512 Niesius
1620 2488 1653 2522 p.
1673 2478 1753 2512 228.

353 2540 428 2587 ***)
456 2540 654 2576 Cassandri
679 2551 826 2584 nomen,
862 2551 928 2585 pro
963 2550 1031 2584 quo
1058 2538 1266 2574 Dindorfius
1293 2543 1329 2574 et
1362 2539 1570 2583 Droysenus
1597 2538 1755 2573 Asandri

233 2600 512 2646 substituerunt,
539 2602 685 2637 Niesius
711 2613 745 2647 p.
773 2597 841 2636 275
868 2601 995 2636 merito
1022 2598 1164 2635 videtur
1189 2599 1350 2635 Diodoro
1376 2600 1459 2637 XIX
1486 2602 1577 2643 57,4
1603 2604 1639 2634 et
1665 2602 1720 2643 (30,
1736 2602 1757 2635 2

233 2662 449 2699 vindicasse.

356 2724 454 2771 ****)
481 2725 551 2760 Vix
577 2729 706 2762 eontra
731 2737 786 2761 me
812 2725 980 2760 attuleris
1007 2722 1172 2759 Ovidium
1197 2727 1268 2769 (ep.
1295 2735 1339 2760 ex
1365 2724 1516 2759 PontoI
1542 2727 1574 2767 3,
1589 2725 1649 2770 07)
1676 2723 1759 2758 Dio-

234 2797 362 2833 genem
379 2787 576 2832 Sinopeum
601 2799 731 2824 vocare
758 2792 794 2824 et
808 2788 962 2823 Gellium
988 2787 1048 2821 ubi
1067 2786 1214 2822 Catonis
1245 2787 1445 2822 orationem
1473 2789 1620 2821 enarrat
1647 2786 1710 2831 (VI
1722 2786 1758 2830 3)

237 2848 284 2885 de
302 2848 571 2886 Rhodiensibus
597 2850 708 2896 loqui.
768 2849 985 2894 Ceteroquin
1012 2853 1197 2894 nuncupat
1223 2848 1396 2884 Rhodios.
1444 2847 1600 2883 Ethnico
1627 2846 1761 2882 nomini

236 2909 432 2948 Suetonius
458 2909 571 2947 semel
597 2910 692 2958 (Tib.
719 2911 781 2958 62)
806 2911 907 2946 illam
931 2909 1086 2945 formam
1110 2907 1287 2945 adhibuit.

1464 2975 1486 2995 ⁸)

1464 3002 1485 3012 ..ι
