1988 3273
921 184 974 221 ἶῖἶ)

182 298 462 351 Quamobrem
506 299 547 340 id
580 298 746 351 fecerit,
788 305 979 353 apparet:
1023 299 1205 355 respexit
1233 299 1283 340 ad
1317 299 1469 341 bellum
1503 315 1537 342 a.
1575 301 1653 341 195
1670 301 1705 352 *)

185 385 211 414 a
242 372 479 414 Flaminino
522 375 562 412 et
593 370 782 412 Eumene
823 384 916 413 cum
952 371 1112 414 Nabide
1155 371 1270 412 urbis
1310 376 1484 424 tyranno
1516 379 1705 426 gestuum

187 443 377 486 Attalum
408 444 540 499 igitur
569 457 642 498 pro
676 443 864 505 Epineue
897 444 1208 500 nominagit**).
1271 443 1461 499 Denique
1499 457 1703 498 quaenam

189 515 289 559 urbs
331 516 375 557 in
418 516 649 570 exemplari
691 502 801 558 dicta
855 517 977 558 fuerit
1030 530 1125 558 cum
1180 517 1436 569 nesciamus,
1487 517 1538 557 ‹le
1582 517 1706 558 huius

193 587 360 630 fabulae
391 592 575 643 tempore
607 588 711 629 nihil
743 602 819 630 nos
850 590 1053 644 expiscari
1086 601 1205 645 posse
1237 590 1488 643 profitemur.

187 659 478 714 Subsequatur

183 772 597 837 Bacchides

184 901 311 944 quam
353 903 407 933 ex
439 890 660 933 Menandri
691 890 1017 945 Disexapatonte
1057 903 1293 946 expressam
1335 903 1424 932 esse
1455 890 1705 937 Ritschelius

187 962 377 1019 (Parerg.
422 977 459 1019 p.
490 965 575 1005 405
607 966 709 1017 sqq.)
757 964 1064 1006 demonstravit.
1139 963 1421 1005 Mnesilochus
1463 964 1706 1005 adulescens

187 1035 457 1078 Atheniensis
485 1036 656 1078 biennio
686 1040 782 1078 ante
804 1036 1013 1091 Ephesum
1037 1036 1243 1090 profectus
1265 1036 1420 1076 litteras
1451 1036 1501 1076 ad
1522 1036 1703 1077 sodalem

182 1106 463 1150 Pistoclerum
494 1109 621 1163 dedit,
652 1113 698 1150 ut
720 1110 897 1150 amicam
921 1110 1203 1164 investigaret,
1235 1121 1358 1162 quam
1383 1109 1502 1149 miles
1534 1109 1701 1162 quidam

184 1193 238 1222 ex
269 1179 394 1223 Samo
425 1180 614 1223 Elateam
645 1181 901 1223 abducturus
934 1187 1050 1223 essct.
1112 1182 1175 1222 Ae
1206 1181 1385 1235 primuni
1417 1181 1585 1234 quidem
1628 1194 1703 1222 suo

184 1252 278 1294 iure
308 1253 485 1294 miratus
516 1256 579 1295 est
607 1252 834 1308 Langenus
867 1253 1013 1313 (lfflaut.
1046 1253 1249 1313 Stud3p4
1268 1253 1377 1312 111),
1409 1252 1518 1306 quod
1551 1252 1702 1294 Mnesi-

184 1323 332 1367 lochus
363 1325 584 1368 biennium
615 1340 639 1367 a
670 1327 801 1381 patria
833 1326 986 1367 afuisse
1017 1311 1212 1380 fingitur,
1255 1325 1406 1379 quippe
1448 1337 1542 1364 eum
1573 1325 1702 1366 solius

182 1398 386 1454 pecuniae
429 1398 666 1454 exigendae
707 1412 833 1440 causa
875 1412 898 1439 a
940 1402 1052 1452 patre
1093 1398 1302 1452 Ephesum
1346 1398 1497 1438 missus
1539 1398 1592 1438 sit
1632 1399 1704 1448 (vs.

181 1471 266 1513 249
297 1471 371 1526 sq.)
432 1470 546 1521 Quid
579 1472 690 1527 quod
722 1485 854 1527 nuper
880 1472 1145 1532 Anspachius
1175 1471 1219 1511 in
1249 1469 1448 1511 Fleckeis.
1481 1483 1574 1510 ann.
1607 1470 1704 1525 phil.

180 1613 300 1650 inesse
326 1614 604 1660 Ostermayerus
638 1614 699 1660 (de
725 1615 808 1649 hist.
845 1613 919 1649 fab.
947 1614 983 1648 in
1019 1624 1105 1648 eom.
1141 1612 1192 1647 Pl.
1221 1623 1254 1657 p.
1283 1612 1342 1657 62)
1374 1613 1502 1649 statuit
1537 1612 1703 1649 futilibus

181 1676 282 1712 nisus
309 1677 542 1722 argumentis.

301 1737 335 1784 *)
361 1740 403 1773 A.
435 1740 500 1773 195
536 1738 628 1782 dixi,
667 1749 884 1782 quamquam
919 1738 1026 1773 alteri
1062 1747 1203 1782 quoque
1239 1740 1367 1770 contra
1400 1736 1575 1771 Nabidem
1608 1737 1702 1772 bello

182 1810 214 1835 a.
240 1801 306 1835 192
325 1799 523 1835 Eumenem
550 1799 763 1835 interfuisse
789 1800 909 1835 edocti
936 1811 1056 1835 sumus
1086 1799 1202 1833 titulis
1229 1798 1459 1842 Pergamenis
1487 1798 1547 1842 (cf.
1570 1799 1703 1834 Fraen-

180 1862 317 1906 kelius,
351 1863 488 1898 Inschr.
513 1874 543 1897 v.
571 1863 675 1907 Perg.
703 1852 735 1897 n.
764 1864 906 1908 6263).
958 1862 1092 1906 Sparta
1126 1864 1255 1896 neutra
1291 1860 1326 1893 in
1359 1859 1587 1904 expeditione
1620 1871 1701 1896 vere

180 1928 389 1970 expugnata
414 1929 490 1968 est;
517 1935 548 1959 a.
578 1926 643 1959 195
670 1935 749 1958 cum
765 1924 988 1958 Flamininus
1021 1923 1181 1958 accensis
1208 1921 1377 1956 extremis
1403 1921 1503 1955 urbis
1530 1921 1702 1956 aedificiis

180 1990 328 2022 coactus
367 1991 463 2021 esset
488 1986 682 2029 recedere,
721 1986 835 2021 Nabis
872 1997 997 2031 pacem
1027 1984 1253 2029 impetravit,
1293 1995 1324 2018 a.
1355 1985 1418 2017 192
1446 1983 1701 2027 Philopoemen

180 2047 258 2083 sine
283 2047 394 2083 caede
419 2048 562 2083 videtur
588 2059 668 2083 eam
693 2049 871 2091 intrasse,
910 2052 950 2081 ut
976 2047 1146 2090 colligere
1184 2046 1270 2080 licet
1296 2056 1339 2080 ex
1366 2045 1467 2080 Livio
1494 2045 1628 2079 XXXV
1647 2048 1702 2088 37,

183 2113 200 2146 1
228 2120 319 2154 sqq3
357 2110 419 2154 qui
455 2121 534 2144 cum
571 2121 616 2145 ex
642 2110 793 2155 Polybio
830 2120 966 2144 summo
994 2107 1283 2152 Philopoemenis
1319 2105 1509 2140 laudatore
1536 2105 1702 2150 pendeat,

179 2172 286 2207 huius
312 2182 370 2208 res
398 2172 564 2215 bellicas,
605 2172 636 2206 si
674 2182 766 2216 quae
804 2176 928 2216 gestae
967 2173 1088 2205 essent
1120 2170 1156 2204 in
1183 2168 1392 2213 occupanda
1422 2167 1700 2210 Lacedaemone,

178 2233 239 2269 vix
274 2234 419 2270 silentio
459 2234 707 2279 praeterisset.
758 2233 800 2268 Id
837 2234 949 2278 igitur
987 2232 1075 2266 nihil
1113 2231 1232 2273 valet3
1269 2241 1343 2264 rcm
1382 2229 1525 2263 conticit
1564 2241 1595 2264 v.
1621 2232 1699 2272 524,

179 2306 284 2342 quem
310 2295 357 2332 ad
381 2307 569 2332 romanum
597 2300 742 2341 poetam
768 2295 908 2331 referre
936 2305 1037 2329 nemo
1065 2292 1263 2335 dubitabit3
1291 2303 1372 2326 nam
1398 2303 1428 2326 a.
1453 2293 1516 2326 192
1543 2291 1700 2326 immine-

177 2358 242 2394 bat
266 2358 401 2394 bellum
427 2369 506 2393 cum
532 2359 730 2402 Antiocho,
770 2369 801 2393 a.
831 2361 896 2393 195
923 2356 1063 2392 Nabide
1096 2354 1236 2390 devicto
1263 2354 1485 2389 Flamininus
1512 2353 1700 2388 Graeciam

177 2424 374 2466 pacaverat
399 2421 549 2465 eiusque
574 2431 633 2456 res
659 2421 910 2455 constituerat.
962 2417 1068 2452 Haud
1093 2417 1220 2452 inutile
1247 2420 1438 2461 praeterea
1464 2415 1533 2450 erit
1556 2425 1699 2449 monere

177 2481 222 2518 de
255 2483 374 2518 altero
415 2483 511 2518 bello
551 2483 610 2517 vix
647 2482 801 2527 cogitari
835 2492 941 2526 posse
975 2483 1126 2525 propter
1151 2478 1362 2513 Aetolorum
1397 2477 1523 2511 ‹lm-em
1549 2476 1700 2511 Nabidis

174 2543 450 2580 interfectorem
482 2548 519 2580 et
556 2545 663 2580 huius
690 2544 823 2580 milites
850 2543 1007 2578 vindices
1035 2541 1142 2576 necis.
1193 2541 1312 2576 Aliter
1337 2540 1477 2574 censuit
1503 2539 1698 2573 Teuti'clius

174 2605 293 2653 (stud.
332 2606 407 2642 und
445 2607 708 2643 Charakterist.
746 2603 892 2652 p.'275)
928 2603 1235 2639 Lacedaemonem
1273 2613 1304 2636 a.
1335 2604 1400 2636 189
1438 2606 1581 2646 captam
1619 2610 1698 2635 esse

173 2673 294 2712 ratus;
329 2669 394 2705 sed
429 2668 475 2704 cf.
512 2669 752 2705 Fraenkelius
787 2669 809 2703 l.
837 2669 859 2703 l.
888 2680 920 2712 p.
951 2669 1004 2702 49.
1056 2665 1172 2710 Igitur
1198 2665 1379 2700 Poenulus
1408 2663 1578 2698 Plautina
1615 2666 1697 2696 acta

172 2733 229 2766 est
254 2734 339 2775 post
364 2731 530 2775 primum,
557 2734 642 2766 ante
669 2731 824 2766 alterum
850 2741 928 2764 cum
957 2727 1097 2763 Nabide
1123 2727 1266 2770 bellum,
1294 2731 1383 2771 puta
1410 2736 1440 2760 a.
1473 2727 1546 2759 194.

197 2782 202 2784 “
291 2792 347 2839 **)
373 2792 538 2828 Eundem
563 2803 725 2828 errorem
751 2792 897 2828 admisit
918 2789 1111 2825 Suetonius
1137 2790 1244 2835 (rhet.
1273 2793 1308 2824 et
1334 2799 1480 2833 gramm.
1508 2790 1540 2830 2,
1567 2798 1600 2831 p.
1632 2788 1697 2821 100

169 2854 312 2902 Rem),
341 2865 430 2890 cum
464 2854 509 2891 de
545 2855 693 2891 Cratete
728 2855 846 2890 Attali
879 2854 975 2899 regis
1007 2852 1128 2897 legato
1162 2852 1306 2887 locutus
1342 2855 1407 2887 est.
1459 2850 1688 2886 Contrarium

169 2917 259 2956 fecit
283 2917 445 2955 Iustinus
471 2917 565 2963 27,3
592 2917 805 2954 Eumenem.
825 2928 892 2963 pro
919 2915 1044 2955 Attalo
1071 2914 1271 2955 nominans.
