2023 3299
987 218 1043 262 48

258 354 310 386 ex
341 355 490 398 graeco
534 340 726 395 exemplo
759 349 1001 393 expressum
1045 350 1136 379 esse
1179 339 1349 392 putant,
1394 338 1534 377 tamen
1576 334 1783 377 contraria

257 417 396 471 opinio
428 415 572 455 multis
603 414 740 454 adhuc
782 412 839 452 ita
870 409 1036 464 probari
1068 410 1254 462 videtur,
1297 412 1342 450 ut
1381 409 1507 450 etiam
1538 405 1784 449 Schwabius

259 489 315 540 (in
344 486 533 528 Teuffelii
579 486 670 525 hist.
713 484 789 524 litt.
833 494 933 522 rom.
975 481 1038 522 ed.
1070 481 1106 522 V
1139 495 1174 536 p.
1208 482 1304 533 154)
1337 481 1397 522 sic
1439 480 1622 521 iudicet:
1666 477 1784 533 „Far

257 560 323 601 dte
362 556 713 611 Abfassemysecit
769 557 854 607 (vor
899 553 943 595 J.
990 554 1189 606 539s215)
1235 552 1353 594 hietat
1395 554 1437 604 2,
1462 554 1500 604 3,
1525 554 1578 593 60
1620 551 1784 605 einiqen

258 630 435 672 Ankale.
498 627 739 680 Jedenfulls
779 625 877 667 sind
907 624 975 665 die
1006 624 1282 665 Mem'c'clemen
1326 624 1437 665 eines
1468 623 1541 664 cler
1569 622 1786 675 friihesccn

257 702 400 745 Ste‘csselce
432 702 501 742 (les
534 698 751 741 Plautus&
813 698 928 748 Quae
960 710 1056 738 cum
1088 698 1145 739 ita
1176 698 1270 750 sint,
1310 700 1395 738 tota
1427 697 1614 751 quaestio
1647 696 1785 739 denuo

264 774 523 816 instituenda
553 777 623 815 est.

368 847 440 887 Vs.
476 846 559 886 408
591 859 678 899 sqq.
711 844 746 884 si
778 843 951 884 Plautus
984 841 1035 883 de
1067 855 1142 883 suo
1185 841 1367 895 addidit,
1412 842 1646 883 necessario
1685 854 1782 883 con-

259 919 513 960 cludendum
557 921 619 959 est
660 916 952 958 Menaechmos
998 926 1095 955 eum
1136 913 1293 955 Romae
1335 917 1430 954 ante
1471 927 1504 954 a.
1538 914 1645 967 215,
1701 927 1783 968 quo

261 991 390 1033 Hiero
422 994 611 1032 mortuus
644 993 716 1043 est,
748 988 948 1029 docuisse.
1011 986 1236 1037 Quaeritur
1266 987 1409 1042 igitur,
1441 1000 1543 1028 num
1574 987 1658 1028 iam
1689 991 1786 1029 ante

259 1078 294 1106 a.
338 1064 420 1104 215
462 1063 624 1104 fabulas
670 1062 839 1103 dederit.
910 1060 1050 1114 Atque
1093 1060 1136 1100 id
1181 1060 1325 1101 saltem
1370 1060 1685 1101 concedendum
1725 1063 1788 1102 est

260 1137 518 1191 argumentis
569 1136 646 1176 hoc
686 1135 786 1176 satis
826 1133 989 1174 idoneis
1036 1133 1249 1174 neminem
1293 1133 1430 1174 adhuc
1469 1133 1785 1175 demonstrasse.

260 1207 392 1248 Immo
424 1207 484 1247 sic
516 1207 595 1247 viri
618 1205 728 1246 docti
752 1204 1073 1245 ratiocinantur:
1107 1203 1283 1244 Plautus
1300 1216 1393 1244 cum
1418 1216 1477 1244 ca.
1504 1204 1642 1261 &252
1664 1207 1788 1245 natus

260 1281 482 1331 antequam
526 1276 763 1318 comoedias
808 1275 950 1317 docuit
980 1275 1161 1328 primum
1193 1275 1234 1314 in
1269 1275 1405 1328 operis
1437 1273 1643 1315 artificum
1673 1286 1787 1316 scae-

260 1351 448 1391 nicorum
464 1349 845 1404 quaestumfecerit‚
866 1348 1017 1389 deinde
1030 1351 1287 1388 mercaturae
1304 1346 1554 1399 incubuerit,
1578 1350 1786 1401 postremo

261 1423 373 1463 omni
404 1422 582 1476 pecunia
612 1421 772 1475 perdita
803 1421 947 1475 pistori
979 1432 1023 1460 se
1055 1418 1303 1472 locaveritss)
1337 1422 1378 1460 et
1406 1419 1449 1459 in
1474 1419 1649 1473 pistrina
1667 1418 1787 1460 Satu-

263 1496 421 1536 rionem
466 1498 506 1535 et
544 1494 774 1534 Addictum
813 1496 916 1534 teste
958 1492 1149 1533 Varrone
1191 1491 1492 1546 composuerit,
1542 1504 1624 1533 non
1663 1492 1786 1534 facile

264 1568 397 1622 potuit
416 1567 556 1607 minus
583 1566 757 1620 triginta
788 1578 916 1606 annos
949 1568 1082 1619 natus,
1112 1565 1138 1606 i.
1162 1578 1195 1606 e.
1227 1568 1323 1606 ante
1355 1579 1388 1605 a.
1422 1565 1518 1617 222,
1551 1565 1788 1607 comoedias

265 1640 387 1681 edero
420 1638 484 1691 (cf.
516 1652 548 1680 e.
581 1653 613 1680 c.
634 1638 862 1680 Schanzius
892 1639 935 1679 in
965 1639 1058 1680 hist.
1090 1639 1165 1680 litt.
1198 1652 1299 1680 rom.
1334 1637 1355 1691 ξ
1388 1639 1468 1689 30).
1513 1637 1630 1679 Haec
1661 1651 1787 1693 quam

267 1711 395 1753 debili
436 1712 478 1752 in
520 1711 791 1753 fundamento
835 1711 1106 1753 exaedificata
1148 1711 1250 1765 sint,
1297 1724 1380 1751 non
1415 1713 1478 1751 est
1508 1711 1619 1764 quod
1651 1714 1788 1753 osten-

266 1785 423 1825 damus.
484 1785 624 1839 Atque
667 1784 764 1825 inde
810 1797 976 1839 quoque
1016 1797 1117 1826 cave
1159 1785 1337 1825 nimium
1382 1783 1628 1838 concludas,
1661 1785 1787 1839 'quod

267 1857 409 1899 Cicero
452 1857 581 1909 (Brut.
629 1857 780 1910 18,73)
824 1858 1049 1898 memoriae
1090 1857 1274 1912 prodidit
1314 1856 1510 1897 Plautum
1553 1869 1586 1897 a.
1630 1857 1712 1897 199
1744 1856 1787 1899 O.

268 1929 458 1971 Cornelio
491 1928 535 1978 Q.
569 1928 755 1970 Minucio
800 1943 899 1970 coss.
939 1931 1023 1970 iam
1053 1929 1206 1970 multas
1235 1928 1397 1970 fabulas
1428 1928 1641 1978 docuisse;
1688 1941 1786 1970 nam

268 2015 362 2042 cum
393 2002 502 2042 inter
532 2001 643 2056 hunc
674 2014 831 2041 annum
863 2004 902 2041 et
932 2014 1041 2054 eum,
1073 2014 1155 2055 quo
1186 2003 1307 2055 poeta
1338 2003 1527 2042 mortuus
1558 2003 1632 2054 est,
1665 2000 1788 2055 quin-

269 2075 402 2116 decim
418 2074 622 2127 intersint,
653 2073 863 2114 Ciceronis
880 2078 1019 2114 autem
1036 2074 1152 2114 locus
1169 2086 1436 2128 nequaquam
1453 2073 1512 2114 ita
1528 2077 1790 2129 comparatus

270 2148 335 2200 sit,
368 2151 411 2187 ut
441 2147 639 2187 maiorem
673 2146 981 2186 comoediarum
1012 2159 1234 2187 numerum
1274 2146 1396 2210 tertio
1428 2159 1462 2186 a.
1496 2144 1591 2187 Chr.
1623 2147 1790 2188 saeculo

273 2233 396 2274 quam
438 2219 557 2260 alteri
596 2218 886 2260 aselibendum
921 2231 1012 2260 esse
1044 2218 1217 2271 efficiat,
1259 2207 1343 2259 non
1375 2219 1473 2260 licet
1503 2204 1618 2259 ultra
1639 2232 1674 2260 a.
1707 2220 1791 2260 215

271 2292 487 2346 progredi,
531 2291 611 2331 nisi
655 2292 903 2345 gravissima
944 2294 1193 2346 argumenta
1234 2291 1448 2332 accedunt.
1508 2291 1640 2346 Atqui
1679 2292 1792 2334 solus

272 2364 637 2406 Menaechmorum
659 2363 774 2405 locus
797 2364 969 2418 proferri
990 2364 1136 2419 potuit.
1193 2363 1335 2405 Aliam
1353 2364 1485 2418 igitur
1502 2363 1793 2418 ingrediamur

274 2437 397 2478 viam.
442 2436 527 2477 Eae
559 2436 799 2477 comoediae
830 2437 1072 2491 Piautinae,
1117 2449 1295 2491 quarum
1326 2439 1513 2490 tempora
1542 2438 1615 2477 aut
1643 2437 1794 2479 tradita

274 2513 345 2551 aut
374 2513 485 2551 certo
516 2509 656 2563 aliquo
686 2509 807 2550 modo
839 2510 1036 2565 indagata
1082 2509 1278 2562 sunt**),
1321 2511 1483 2550 tantum
1521 2521 1606 2549 non
1648 2522 1793 2552 omnes

218 2564 224 2573 ¹
274 2582 326 2623 ad
356 2582 531 2637 alterum
563 2595 596 2622 a.
628 2581 722 2622 Chr.
755 2583 968 2643 saeculum
998 2583 1229 2642 pertin—ent,
1272 2580 1451 2623 Militem
1484 2580 1722 2623 Gloriosum
1753 2585 1794 2624 et

391 2829 422 2873 ‘¹²)
449 2830 502 2864 De
521 2830 575 2864 his
598 2830 880 2865 narratiunculis
899 2832 1007 2876 plane
1027 2831 1208 2867 assentior
1221 2831 1337 2866 Leoni
1355 2832 1521 2877 (Hermes
1535 2832 1656 2866 XXIV
1669 2843 1704 2876 p.
1720 2831 1792 2882 78).

390 2891 444 2937 Ἱςῖὲζ)
472 2892 512 2926 In
539 2892 667 2936 quibus
693 2903 764 2927 non
791 2904 851 2928 eas
878 2904 1038 2947 numero,
1066 2904 1220 2938 quarum
1245 2897 1403 2941 aetatem
1428 2888 1545 2929 stilum
1562 2887 1793 2955 PhiliQeum
1828 2910 1835 2943 :¹

278 2956 467 3015 argentum
492 2954 528 2989 in
554 2954 606 2990 eis
632 2944 947 2993 commemoratum
972 2955 1122 2993 definire
1148 2956 1234 2992 viris
1260 2955 1376 2993 doctis
1402 2956 1518 2993 visum
1542 2958 1608 2993 est.

1826 2878 1835 2899 θ’
