1988 3273
917 167 968 208 17

181 283 475 335 argumentum
520 280 787 322 delectandis.
862 281 945 322 Cur
991 284 1120 334 igitur
1171 285 1213 325 in
1262 285 1467 327 Pseudolo
1508 288 1696 342 Callipho

177 365 308 394 senex
330 352 576 394 inducitur?
625 353 686 393 Ad
711 366 796 394 rem
831 354 872 394 in
898 355 1036 396 fabula
1058 361 1268 398 tractatam
1295 359 1397 399 nihil
1422 360 1539 400 valct.
1591 361 1695 402 Nam

179 424 290 479 quod
321 426 482 491 {234}
505 424 718 485 Simonem
751 434 996 477 commovet,
1029 435 1071 469 ut
1102 429 1192 469 miti
1227 430 1362 483 potius
1394 432 1532 472 animo
1564 433 1695 474 tilium

176 487 442 552 servumque--
476 497 598 539 adeat
643 511 768 552 quam
810 500 941 540 iratus
983 501 1189 555 increpet,
1232 515 1330 543 sanc
1376 503 1586 545 levidense
1627 511 1699 559 est,

174 570 309 611 multo
338 570 533 625 gravius,
575 570 687 625 quod
719 570 954 612 Pseudolus
985 573 1035 613 ab
1068 586 1116 615 eo
1149 586 1184 614 V.
1220 575 1299 614 547
1335 576 1457 629 petit,
1503 581 1546 616 ut
1576 590 1619 617 sc
1650 579 1691 618 in

175 642 339 684 fallacia
370 642 591 684 efficienda
621 643 815 695 adiuvet,
846 643 1033 703 Callipho
1064 632 1285 701 pollicetur
1317 660 1351 686 v.
1385 648 1488 694 560,
1531 662 1611 702 qna
1642 649 1693 690 de

174 726 219 756 re
250 727 418 770 prorsus
449 715 553 755 nihil
587 715 784 769 deinceps
814 716 1019 762 audimus,
1061 729 1137 759 nec
1168 719 1307 759 minus
1339 732 1691 773 supervacaneum

173 786 230 837 fit,
262 787 373 842 quod
408 788 624 851 [⁴552jn
658 788 799 828 animo
830 788 954 830 habet
984 791 1093 831 servi
1124 790 1245 831 ludos
1277 796 1460 845 spectare
1493 794 1626 847 eique,
1658 794 1692 834 si

170 857 286 900 Simo
319 860 521 914 promisso
552 873 634 901 non
666 860 844 910 steterit,
886 867 1106 915 argentum
1138 862 1258 910 (lare,
1302 876 1438 918 neque
1477 866 1589 905 enim
1625 879 1692 907 us-

173 945 298 987 quam
330 936 471 987 postea
513 933 554 973 in
596 932 737 973 fabula
780 938 962 987 apparet.
1027 934 1239 976 Facillime
1284 949 1379 977 vero
1426 942 1544 990 poeta
1587 938 1691 980 hanc

169 1017 362 1046 scaenam
395 1005 456 1046 sic
487 1005 622 1059 potuit
652 1005 894 1057 instituere,
942 1010 985 1046 ut
1030 1006 1144 1048 Simo
1183 1007 1296 1048 solus
1336 1020 1476 1048 secum
1519 1009 1691 1063 loquens

170 1076 355 1132 prodiret
397 1077 534 1132 deque
574 1076 660 1118 filio
694 1082 886 1132 corrupto
931 1092 1129 1132 querens,
1174 1079 1408 1121 Pseudolus
1448 1082 1689 1135 priusquam

169 1160 265 1191 eum
297 1149 610 1204 aggrederetur,
643 1162 696 1191 ex
718 1151 937 1205 angiporto
971 1153 1060 1192 eius
1092 1151 1218 1193 verba
1248 1153 1335 1193 suis
1357 1153 1689 1208 interrumperet.

99 1253 104 1258 .
169 1219 254 1263 Cur
283 1220 584 1277 Calliphontem
617 1222 783 1264 fabulae
813 1223 1070 1276 adhibuerit,
1110 1223 1230 1265 docet
1272 1225 1362 1265 eius
1395 1238 1488 1265 cum
1520 1225 1688 1267 Simone

167 1304 316 1335 sermo.
379 1293 585 1335 Videmus
616 1293 722 1335 duos
751 1307 873 1336 senes
905 1295 1024 1349 plane
1056 1296 1164 1337 iuter
1194 1308 1238 1337 se
1269 1296 1473 1349 diversos,
1512 1297 1686 1338 alterum

168 1378 360 1420 asperum
392 1378 586 1408 severum
617 1379 802 1420 parcum,
833 1367 1007 1408 alterum
1040 1368 1176 1409 lenem
1212 1368 1418 1409 urbanum
1441 1369 1689 1423 elegantem,

167 1437 381 1480 Simonem
411 1438 490 1480 filii
519 1442 688 1493 peccata
721 1439 1087 1481 vehementissime
1116 1441 1515 1495 reprehendentem,
1560 1454 1688 1483 excu-

166 1516 327 1554 santem
373 1510 700 1566 Calliphontem,
745 1512 865 1553 illum
913 1512 1016 1553 duro
1063 1513 1268 1554 maiorum
1317 1514 1443 1554 victui
1490 1514 1688 1566 deditum,

166 1585 278 1627 hunc
309 1584 359 1626 ad
393 1585 506 1626 leves
528 1586 758 1640 praesentis
779 1586 936 1627 saeculi
970 1598 1103 1627 mores
1125 1586 1408 1627 inclinantem.
1455 1586 1546 1627 Hae
1579 1587 1684 1628 duae

165 1657 337 1699 vivendi
368 1658 551 1699 rationes
583 1662 629 1699 ut
657 1658 768 1699 inter
797 1670 841 1699 se
863 1661 1169 1712 opponerentur
1199 1670 1357 1712 eaeque
1388 1671 1534 1699 senum
1556 1659 1686 1699 Athe-

163 1731 389 1783 niensium,
419 1730 691 1771 Atheniensis
721 1729 941 1789 Menandri
976 1730 1141 1772 videtur
1171 1731 1382 1785 proprium
1402 1714 1555 1771 inisse.
1617 1729 1685 1771 Sic

163 1803 206 1844 in
224 1790 552 1857 Disexapatonte
583 1794 710 1863 sep—es*
737 1788 925 1860 dirersos
946 1803 1127 1855 induxit,
1158 1802 1334 1843 alterum
1357 1802 1685 1853 acerbissimum,

163 1874 393 1918 faciliorem
425 1875 601 1916 alterum
625 1875 816 1929 pellectu,
847 1875 906 1915 sic
936 1874 980 1915 in
1002 1874 1476 1916 Heautontimorumeno
1509 1874 1682 1914 alterum

162 1936 347 1990 convivii
377 1948 618 2002 participem
650 1947 759 2000 fecit,
791 1947 968 1988 alterum
1008 1946 1058 1987 ab
1090 1934 1285 1987 omnibus
1318 1946 1426 1987 vitae
1457 1947 1683 1986 amoenita-

159 2020 273 2062 tibus
318 2021 502 2062 alienum
545 2043 600 2047 ——
643 2032 894 2074 quamquam
942 2020 985 2059 iu
1031 2019 1096 2060 his
1143 2018 1306 2060 duabus
1350 2018 1503 2059 fabulis
1549 2031 1684 2060 mores

161 2104 305 2134 eorum
345 2096 536 2133 nontam
569 2091 744 2144 pulchre
787 2091 1081 2132 describuntur
1112 2104 1238 2145 quam
1281 2090 1381 2131 alibi
1414 2114 1489 2143 —,
1533 2090 1677 2131 eodem

160 2165 351 2220 pertinet,
382 2165 492 2219 quod
526 2168 567 2205 et
595 2165 640 2205 in
662 2163 994 2219 Hypobolimaeo
1026 2168 1066 2205 et
1086 2165 1274 2204 omnium
1307 2164 1461 2217 optime
1491 2164 1534 2221 in
1556 2163 1682 2218 Adel-

159 2238 252 2293 phis
283 2237 522 2292 posteriore,
554 2249 678 2291 quam
709 2235 930 2292 Terentius
961 2236 1157 2294 reddidit,
1201 2236 1345 2292 hilaris
1376 2247 1505 2276 senex
1539 2235 1681 2289 volup-

159 2310 319 2365 tatique
355 2309 592 2364 obsequens
623 2309 846 2363 opponitur
875 2321 1049 2349 moroso.
1091 2307 1207 2349 Haec
1228 2307 1528 2362 spectatoribus
1560 2307 1679 2348 valde

158 2381 365 2436 placuisse
397 2380 462 2422 vel
494 2380 593 2421 inde
624 2381 827 2435 suspicari
861 2380 980 2432 licet,
1027 2380 1138 2434 quod
1170 2379 1400 2421 Menander
1430 2379 1505 2419 hac
1548 2379 1588 2418 in
1637 2391 1679 2419 re

157 2453 239 2495 sibi
269 2453 630 2495 constantissimus
660 2453 762 2504 fuit3
809 2452 945 2494 eidem
978 2452 1115 2493 studio
1151 2476 1194 2480 —
1232 2464 1368 2506 nequo
1391 2451 1503 2492 aliud
1537 2454 1679 2504 poetae

158 2525 378 2568 consilium
401 2537 570 2580 possum
593 2525 834 2579 excogitare
868 2547 916 2553 --
949 2525 982 2565 si
1002 2523 1273 2578 Calliphontis
1296 2535 1473 2575 persona
1495 2521 1680 2576 debetur,
1708 2519 1710 2528 ¹

159 2598 592 2662 Pseudolus-*quoque
632 2610 797 2639 summa
838 2610 931 2638 cum
979 2585 1268 2651 probabilitate
1310 2595 1360 2636 ad
1402 2594 1677 2635 Menandrum

157 2671 336 2714 refertur
351 2670 400 2723 *).

273 2825 308 2871 *)
334 2824 511 2860 Berckius
537 2824 678 2869 (opusc,
700 2823 734 2857 II
760 2833 795 2867 p.
816 2824 899 2867 744)
927 2832 1032 2864 quam
1059 2820 1104 2855 ob
1130 2831 1206 2856 rem
1234 2820 1323 2853 lianc
1351 2816 1513 2851 fabulam
1540 2815 1676 2850 inediae

156 2887 364 2923 comoediae
391 2885 620 2929 ascripserit,
657 2884 784 2920 saltem
819 2884 943 2927 paucis
979 2882 1098 2917 verbis
1125 2882 1249 2917 debuit
1284 2878 1455 2915 indicare.
1506 2878 1677 2931 Fortasse
