2023 3299
1030 202 1084 244 40

300 335 398 378 pore
419 321 632 376 oppressit,
665 319 736 360 vix
761 321 805 359 ut
823 318 862 359 ei
885 329 987 370 opus
1005 318 1132 360 fuerit
1151 318 1282 373 copiis
1299 317 1612 360 Athenienium.
1663 313 1816 358 Contra

301 410 334 436 a.
367 395 447 435 290
479 392 643 435 Thebae
674 395 783 433 certe
814 388 1047 443 complures
1079 403 1243 432 menses
1275 391 1584 443 obsidebantur,
1615 387 1819 430 Demetrii

303 470 440 507 autem
486 465 695 506 exercitus
737 462 891 503 relictis
933 461 974 500 in
1006 460 1218 503 Thessalia
1260 466 1404 504 contra
1434 463 1643 516 Pyrrhum
1675 461 1819 502 decem

303 537 473 578 milibus
515 537 699 591 peditum
747 538 787 575 et
826 532 938 573 millo
983 533 1196 587 equitibus
1239 534 1360 585 (Plut.
1392 534 1575 576 Demetr.
1606 534 1676 586 40)
1717 533 1821 574 adeo

304 614 390 651 erat
421 609 679 661 debilitatus,
727 610 771 647 ut
802 619 881 646 non
915 604 1036 645 facile
1068 605 1258 647 sufficere
1290 609 1428 660 posset
1457 606 1507 647 ad
1540 605 1823 647 devincendos

302 681 528 722 Thebanos.
575 680 794 720 Praeterea
826 679 859 718 si
883 676 1212 718 consideraveris
1245 678 1396 719 multos
1428 679 1582 720 milites
1612 676 1824 732 perpetuis

304 753 528 807 impetibus
558 755 700 793 contra
730 750 875 792 urbem
906 750 1024 790 factis
1055 750 1326 804 interemptos
1356 763 1446 791 esse
1477 750 1599 803 (Plut.
1630 750 1655 791 1.
1687 749 1746 804 1.),
1775 760 1823 790 eo

303 824 560 880 probabilius
592 824 735 865 credes
774 835 914 877 regem
961 824 1005 862 ut
1036 822 1268 863 exercitum
1312 835 1435 863 suum
1476 821 1666 863 reficeret
1693 820 1824 862 Athe-

307 898 471 939 nienses
517 897 675 938 auxilia
715 896 960 950 poposcisse.
1047 894 1206 936 Verum
1249 895 1363 936 enim
1407 907 1504 936 vero
1545 894 1654 935 hanc
1697 906 1827 948 oppu-

305 971 546 1025 gnationem
579 969 622 1009 in
646 969 820 1023 Epidico
854 967 1131 1022 significatam
1165 980 1254 1009 esse
1286 967 1473 1009 refellere
1505 967 1683 1021 videtur,
1714 966 1827 1021 quod

306 1042 546 1084 Demetrius
579 1041 681 1083 urbe
712 1046 829 1096 capta
860 1045 942 1081 tam
974 1040 1124 1082 leniter
1159 1041 1338 1082 Boeotos
1371 1041 1482 1082 ultus
1515 1053 1605 1083 esse
1635 1039 1827 1094 traditur,

310 1120 353 1156 ut
384 1116 606 1157 Plutarcho
640 1118 741 1156 teste
774 1114 971 1155 tredecim
1005 1115 1115 1155 viros
1147 1118 1290 1168 morte,
1327 1114 1431 1155 alios
1463 1114 1666 1169 quosdam
1697 1113 1826 1155 exilio

306 1188 493 1242 puniret,
538 1187 768 1228 Diodorum
802 1186 924 1239 (XXI
958 1187 1024 1238 14)
1066 1187 1102 1228 si
1142 1188 1379 1241 sequimur,
1421 1187 1639 1228 Thebanos
1671 1187 1828 1242 decem,

308 1271 359 1299 ex
391 1258 537 1299 ceteris
569 1257 737 1299 Boeotis
770 1257 1099 1312 quattuordecim
1131 1256 1310 1298 interfici
1351 1257 1535 1308 iuberet3
1580 1256 1632 1298 de
1673 1257 1827 1312 praeda

308 1333 347 1371 et
390 1330 563 1384 captivis
609 1330 714 1369 nihil
764 1330 982 1382 audimus,
1028 1329 1181 1370 diserte
1229 1329 1280 1370 de
1326 1329 1462 1384 priore
1510 1330 1826 1384 expugnatione

306 1401 555 1443 Plutarchus
575 1401 773 1454 (Demetr.
798 1402 866 1453 39)
889 1401 1079 1441 tradidit:
1108 1395 1160 1441 ‘O
1195 1398 1237 1440 δὲ
1261 1401 1360 1452 (scil.
1379 1400 1635 1453 Demetrius)
1657 1435 1666 1442 .
1685 1435 1692 1444 .
1713 1399 1828 1444 ..καὶ

308 1471 549 1527 πραξάμενος
582 1470 708 1513 πολλὰ
733 1473 918 1528 χρήματα
951 1506 984 1513 ..
1003 1505 1036 1513 ..
1069 1470 1199 1517 ἔδοξεν
1231 1472 1308 1513 κτὲ.
1371 1472 1487 1521 Quae
1518 1486 1615 1515 cum
1644 1473 1703 1515 ita
1733 1474 1829 1530 Sint,

307 1547 437 1587 fatcor
468 1559 533 1587 me
566 1547 769 1587 haesitare
802 1546 1059 1587 obsidionem
1105 1546 1320 1604 1111111293
1362 1559 1415 1586 an
1448 1546 1531 1586 290
1575 1547 1620 1586 111
1652 1545 1828 1602 Epidico

310 1619 625 1659 commemorari
657 1632 858 1660 censeam.
908 1618 1029 1675 Hanc
1061 1618 1257 1673 praetulit
1272 1618 1621 1660 Wilamowitzius
1653 1619 1712 1671 (in
1743 1603 1830 1662 i'nd.

308 1692 432 1732 schol.
465 1691 650 1746 Gotting.
688 1692 845 1739 1893&
877 1678 913 1745 p.
938 1690 1034 1745 14),
1076 1679 1175 1745 quia
1207 1692 1361 1746 optime
1393 1693 1432 1733 ei
1464 1693 1688 1734 conveniat
1716 1696 1830 1735 aetas

309 1763 488 1818 virginis
518 1777 552 1804 a.
586 1764 668 1804 303
700 1777 725 1804 a
754 1763 986 1822 Periphane
1018 1762 1223 1820 Demetrii
1254 1763 1413 1804 latrone
1444 1767 1694 1818 procreatae.
1747 1764 1831 1807 Sed

308 1835 351 1876 id
383 1824 676 1890 argumentum
708 1837 780 1876 vix
811 1836 1027 1888 satisfacit,
1073 1848 1210 1890 neque
1254 1836 1366 1876 enim
1398 1836 1577 1889 scimus,
1620 1849 1747 1890 quam
1778 1836 1830 1878 ob

310 1920 398 1948 rem
429 1911 516 1948 tum
534 1907 736 1962 Epidauri
767 1909 903 1962 fucrit,
935 1921 1012 1949 nec
1044 1907 1226 1962 profecto
1249 1908 1430 1949 sciamus
1462 1911 1631 1963 oportet.
1678 1908 1830 1951 Nescio

314 1993 365 2021 an
399 1993 481 2020 non
513 1980 687 2022 militiae
720 1968 857 2033 causa,
889 1995 983 2022 nam
1016 1980 1261 2022 adulescens
1292 1983 1425 2032 certe,
1470 1984 1516 2021 111
1544 1981 1830 2036 colligendum

312 2057 375 2094 est
404 2066 457 2094 ex
490 2067 545 2094 vs.
583 2054 666 2093 449
699 2067 810 2108 sqq.,
851 2053 970 2108 plane
1011 2053 1198 2094 eiusdem
1245 2053 1414 2108 generis
1460 2053 1581 2095 miles
1621 2054 1832 2109 gloriosus

310 2126 390 2165 fuit
419 2128 542 2179 atque
575 2126 718 2180 quales
750 2126 835 2167 fere
867 2126 1093 2168 comoediis
1124 2126 1430 2167 adhibebantur
1462 2127 1682 2182 qualisque
1726 2127 1832 2169 civis

312 2197 583 2238 Atheniensis
614 2201 736 2239 notus
768 2203 830 2240 est
860 2212 912 2239 ex
944 2199 1130 2240 Luciano
1163 2197 1277 2253 (dial.
1309 2203 1471 2240 meretr.
1506 2200 1545 2251 9)
1584 2197 1778 2254 Πολέμων
1811 2199 1831 2240 ὁ

314 2267 503 2324 Στειριεὺς
530 2269 786 2316 Πανδιονίδος
818 2272 943 2325 φυλῆς
975 2276 1017 2313 01
1045 2273 1133 2327 ipse
1166 2272 1370 2323 πλουτῶν;
1413 2272 1516 2313 tales
1547 2285 1645 2314 vero
1677 2286 1831 2315 uxores

314 2340 464 2382 ducere
498 2355 579 2382 non
602 2343 748 2391 solent,
780 2348 999 2398 antequam
1034 2357 1058 2385 a
1078 2344 1240 2385 militiis
1262 2347 1535 2386 recesserunt.
1582 2344 1832 2399 Periphanis

312 2413 422 2455 filius
453 2415 535 2455 iam
567 2416 655 2469 ipse
686 2417 890 2470 stipendia
920 2417 1028 2458 facit.
1087 2416 1202 2472 Ergo
1233 2417 1336 2457 mihi
1368 2417 1539 2471 quidem
1586 2430 1652 2459 res
1684 2417 1830 2460 etiam-

314 2499 413 2527 num
445 2491 506 2528 est
535 2488 704 2530 incerta.

427 2559 556 2601 Porro
579 2562 885 2616 quaerentibus,
918 2563 1084 2618 quando
1109 2562 1249 2604 fabula
1280 2566 1371 2604 acta
1401 2563 1466 2617 sit,
1496 2576 1579 2604 non
1610 2563 1708 2605 licet
1737 2564 1830 2619 pro*-

267 2643 290 2669 ··
313 2632 432 2686 gredi
464 2633 571 2674 ultra
601 2648 635 2675 a.
669 2636 776 2689 287,
818 2649 897 2690 quo
931 2636 1137 2691 praesidio
1167 2635 1437 2677 macedonico
1469 2648 1522 2676 ex
1554 2635 1700 2677 Museo
1732 2636 1830 2678 colli

315 2705 443 2746 eiecto
490 2705 729 2748 Demetrius
774 2708 1104 2750 Atheniensibus
1149 2721 1294 2749 rursus
1352 2708 1475 2762 signa
1527 2708 1691 2761 intulit3
1739 2709 1830 2750 veri

313 2778 449 2819 simile
497 2782 636 2820 autem
686 2779 788 2820 mihi
843 2782 1008 2823 videtur
1062 2794 1154 2823 eam
1216 2783 1288 2821 aut
1332 2794 1385 2841 a&
1411 2780 1494 2821 292
1546 2783 1618 2822 aut
1668 2794 1703 2822 a.
1745 2780 1829 2823 289

313 2849 475 2891 doctam
505 2863 606 2894 esse.
