<?xml version="1.0" encoding="UTF-8"?>
<!DOCTYPE html PUBLIC "-//W3C//DTD XHTML 1.0 Transitional//EN"
    "http://www.w3.org/TR/xhtml1/DTD/xhtml1-transitional.dtd">
<html xmlns="http://www.w3.org/1999/xhtml" xml:lang="en" lang="en">
 <head>
  <title>
</title>
<meta http-equiv="Content-Type" content="text/html;charset=utf-8" />
  <meta name='ocr-system' content='tesseract 3.04.00' />
  <meta name='ocr-capabilities' content='ocr_page ocr_carea ocr_par ocr_line ocrx_word'/>
</head>
<body>
  <div class='ocr_page' id='page_1' title='image "./deplauticomoedia00huefuoft_0014.png"; bbox 0 0 2023 3299; ppageno 0'>
   <div class='ocr_carea' id='block_1_1' title="bbox 1007 238 1060 279">
    <p class='ocr_par' dir='ltr' id='par_1_1' title="bbox 1007 238 1060 279">
     <span class='ocr_line' id='line_1_1' title="bbox 1007 238 1060 279; baseline 0.019 -1"><span class='ocrx_word' id='word_1_1' title='bbox 1007 238 1060 279; x_wconf 92' lang='lat'>10</span> 
     </span>
    </p>
   </div>
   <div class='ocr_carea' id='block_1_2' title="bbox 277 351 1795 985">
    <p class='ocr_par' dir='ltr' id='par_1_2' title="bbox 278 351 1795 698">
     <span class='ocr_line' id='line_1_2' title="bbox 279 351 1795 405; baseline -0.003 -9"><span class='ocrx_word' id='word_1_2' title='bbox 279 358 324 397; x_wconf 90' lang='lat' dir='ltr'>ut</span> <span class='ocrx_word' id='word_1_3' title='bbox 362 355 404 396; x_wconf 89' lang='lat' dir='ltr'>in</span> <span class='ocrx_word' id='word_1_4' title='bbox 447 354 728 397; x_wconf 72' lang='lat' dir='ltr'>Menaechmis</span> <span class='ocrx_word' id='word_1_5' title='bbox 758 354 951 395; x_wconf 82' lang='lat' dir='ltr'>Plautina</span> <span class='ocrx_word' id='word_1_6' title='bbox 1001 353 1051 394; x_wconf 89' lang='lat' dir='ltr'>ad</span> <span class='ocrx_word' id='word_1_7' title='bbox 1097 353 1382 394; x_wconf 68' lang='lat' dir='ltr'>oeconomiam</span> <span class='ocrx_word' id='word_1_8' title='bbox 1425 351 1591 393; x_wconf 84' lang='lat' dir='ltr'>fabulae</span> <span class='ocrx_word' id='word_1_9' title='bbox 1635 351 1795 405; x_wconf 89' lang='lat' dir='ltr'>aliquid</span> 
     </span>
     <span class='ocr_line' id='line_1_3' title="bbox 279 425 1795 482; baseline -0.003 -14"><span class='ocrx_word' id='word_1_10' title='bbox 279 428 475 479; x_wconf 79' lang='lat' dir='ltr'>conferre,</span> <span class='ocrx_word' id='word_1_11' title='bbox 506 441 586 468; x_wconf 90' lang='lat' dir='ltr'>non</span> <span class='ocrx_word' id='word_1_12' title='bbox 620 429 709 482; x_wconf 85' lang='lat' dir='ltr'>ipsa.</span> <span class='ocrx_word' id='word_1_13' title='bbox 740 440 810 481; x_wconf 87' lang='lat' dir='ltr'>per</span> <span class='ocrx_word' id='word_1_14' title='bbox 841 440 883 467; x_wconf 75' lang='lat' dir='ltr'>sc</span> <span class='ocrx_word' id='word_1_15' title='bbox 917 426 1065 466; x_wconf 84' lang='lat' dir='ltr'>idonea</span> <span class='ocrx_word' id='word_1_16' title='bbox 1097 426 1228 466; x_wconf 89' lang='lat' dir='ltr'>videri</span> <span class='ocrx_word' id='word_1_17' title='bbox 1264 425 1463 479; x_wconf 75' lang='lat' dir='ltr'>potuerit,</span> <span class='ocrx_word' id='word_1_18' title='bbox 1508 426 1628 465; x_wconf 86' lang='lat' dir='ltr'>cuius</span> <span class='ocrx_word' id='word_1_19' title='bbox 1660 437 1795 465; x_wconf 89' lang='lat' dir='ltr'>mores</span> 
     </span>
     <span class='ocr_line' id='line_1_4' title="bbox 279 496 1793 552; baseline -0.001 -12"><span class='ocrx_word' id='word_1_20' title='bbox 279 499 631 552; x_wconf 72' lang='lat' dir='ltr'>describerentur.</span> <span class='ocrx_word' id='word_1_21' title='bbox 672 500 811 540; x_wconf 89' lang='lat' dir='ltr'>omnia</span> <span class='ocrx_word' id='word_1_22' title='bbox 841 503 975 539; x_wconf 79' lang='lat' dir='ltr'>autom</span> <span class='ocrx_word' id='word_1_23' title='bbox 1008 498 1093 539; x_wconf 88' lang='lat' dir='ltr'>fere</span> <span class='ocrx_word' id='word_1_24' title='bbox 1125 498 1286 538; x_wconf 82' lang='lat' dir='ltr'>mediae</span> <span class='ocrx_word' id='word_1_25' title='bbox 1318 501 1359 537; x_wconf 89' lang='lat' dir='ltr'>et</span> <span class='ocrx_word' id='word_1_26' title='bbox 1390 510 1521 538; x_wconf 81' lang='lat' dir='ltr'>novae</span> <span class='ocrx_word' id='word_1_27' title='bbox 1554 496 1793 538; x_wconf 85' lang='lat' dir='ltr'>comoediae</span> 
     </span>
     <span class='ocr_line' id='line_1_5' title="bbox 278 569 1791 627; baseline -0.002 -15"><span class='ocrx_word' id='word_1_28' title='bbox 278 572 521 627; x_wconf 82' lang='lat' dir='ltr'>fragmenta,</span> <span class='ocrx_word' id='word_1_29' title='bbox 552 574 593 613; x_wconf 90' lang='lat' dir='ltr'>in</span> <span class='ocrx_word' id='word_1_30' title='bbox 626 572 778 626; x_wconf 84' lang='lat' dir='ltr'>quibus</span> <span class='ocrx_word' id='word_1_31' title='bbox 809 573 859 612; x_wconf 76' lang='lat' dir='ltr'>(le</span> <span class='ocrx_word' id='word_1_32' title='bbox 892 571 1080 625; x_wconf 77' lang='lat' dir='ltr'>parasitis</span> <span class='ocrx_word' id='word_1_33' title='bbox 1112 584 1177 612; x_wconf 87' lang='lat' dir='ltr'>res</span> <span class='ocrx_word' id='word_1_34' title='bbox 1209 578 1291 621; x_wconf 78' lang='lat' dir='ltr'>cst,</span> <span class='ocrx_word' id='word_1_35' title='bbox 1331 569 1381 610; x_wconf 82' lang='lat' dir='ltr'>ad</span> <span class='ocrx_word' id='word_1_36' title='bbox 1414 570 1621 610; x_wconf 79' lang='lat' dir='ltr'>Athenaei</span> <span class='ocrx_word' id='word_1_37' title='bbox 1654 573 1791 609; x_wconf 88' lang='lat' dir='ltr'>notam</span> 
     </span>
     <span class='ocr_line' id='line_1_6' title="bbox 278 641 1790 698; baseline -0.002 -14"><span class='ocrx_word' id='word_1_38' title='bbox 278 643 597 698; x_wconf 87' lang='lat' dir='ltr'>disputationem</span> <span class='ocrx_word' id='word_1_39' title='bbox 616 644 691 695; x_wconf 86' lang='lat' dir='ltr'>(VI</span> <span class='ocrx_word' id='word_1_40' title='bbox 710 644 789 683; x_wconf 75' lang='lat'>236</span> <span class='ocrx_word' id='word_1_41' title='bbox 814 658 835 685; x_wconf 90' lang='lat' dir='ltr'>e</span> <span class='ocrx_word' id='word_1_42' title='bbox 856 647 958 696; x_wconf 77' lang='lat' dir='ltr'>sqq.)</span> <span class='ocrx_word' id='word_1_43' title='bbox 983 643 1163 693; x_wconf 80' lang='lat' dir='ltr'>redeant,</span> <span class='ocrx_word' id='word_1_44' title='bbox 1187 642 1308 682; x_wconf 85' lang='lat' dir='ltr'>facilc</span> <span class='ocrx_word' id='word_1_45' title='bbox 1331 654 1379 681; x_wconf 88' lang='lat' dir='ltr'>ea</span> <span class='ocrx_word' id='word_1_46' title='bbox 1401 641 1569 695; x_wconf 80' lang='lat' dir='ltr'>neglegi</span> <span class='ocrx_word' id='word_1_47' title='bbox 1593 641 1729 695; x_wconf 84' lang='lat' dir='ltr'>potuit</span> <span class='ocrx_word' id='word_1_48' title='bbox 1741 641 1790 691; x_wconf 83' lang='lat'>*).</span> 
     </span>
    </p>

    <p class='ocr_par' dir='ltr' id='par_1_3' title="bbox 277 712 1793 985">
     <span class='ocr_line' id='line_1_7' title="bbox 393 712 1792 771; baseline -0.003 -14"><span class='ocrx_word' id='word_1_49' title='bbox 393 716 472 757; x_wconf 91' lang='lat' dir='ltr'>His</span> <span class='ocrx_word' id='word_1_50' title='bbox 502 717 738 771; x_wconf 78' lang='lat' dir='ltr'>praemissis</span> <span class='ocrx_word' id='word_1_51' title='bbox 777 717 828 756; x_wconf 87' lang='lat' dir='ltr'>ad</span> <span class='ocrx_word' id='word_1_52' title='bbox 859 716 995 756; x_wconf 80' lang='lat' dir='ltr'>Plauti</span> <span class='ocrx_word' id='word_1_53' title='bbox 1036 715 1197 756; x_wconf 85' lang='lat' dir='ltr'>fabulas</span> <span class='ocrx_word' id='word_1_54' title='bbox 1238 715 1348 768; x_wconf 85' lang='lat' dir='ltr'>ipsas</span> <span class='ocrx_word' id='word_1_55' title='bbox 1390 713 1647 754; x_wconf 75' lang='lat' dir='ltr'>accedamus.</span> <span class='ocrx_word' id='word_1_56' title='bbox 1709 712 1792 754; x_wconf 82' lang='lat' dir='ltr'>Sed</span> 
     </span>
     <span class='ocr_line' id='line_1_8' title="bbox 277 785 1792 842; baseline -0.003 -13"><span class='ocrx_word' id='word_1_57' title='bbox 277 792 497 842; x_wconf 83' lang='lat' dir='ltr'>antequam</span> <span class='ocrx_word' id='word_1_58' title='bbox 532 789 582 828; x_wconf 89' lang='lat' dir='ltr'>dc</span> <span class='ocrx_word' id='word_1_59' title='bbox 613 787 793 842; x_wconf 81' lang='lat' dir='ltr'>singulis</span> <span class='ocrx_word' id='word_1_60' title='bbox 825 788 1106 839; x_wconf 65' lang='lat' dir='ltr'>disputemus,</span> <span class='ocrx_word' id='word_1_61' title='bbox 1145 799 1277 840; x_wconf 87' lang='lat' dir='ltr'>pauca</span> <span class='ocrx_word' id='word_1_62' title='bbox 1310 785 1428 826; x_wconf 88' lang='lat' dir='ltr'>nobis</span> <span class='ocrx_word' id='word_1_63' title='bbox 1463 785 1585 825; x_wconf 82' lang='lat' dir='ltr'>liccat</span> <span class='ocrx_word' id='word_1_64' title='bbox 1616 785 1792 838; x_wconf 86' lang='lat' dir='ltr'>praefari</span> 
     </span>
     <span class='ocr_line' id='line_1_9' title="bbox 279 856 1791 914; baseline -0.002 -13"><span class='ocrx_word' id='word_1_65' title='bbox 279 861 329 902; x_wconf 90' lang='lat' dir='ltr'>de</span> <span class='ocrx_word' id='word_1_66' title='bbox 360 861 530 912; x_wconf 76' lang='lat' dir='ltr'>ratione,</span> <span class='ocrx_word' id='word_1_67' title='bbox 562 873 684 914; x_wconf 90' lang='lat' dir='ltr'>quam</span> <span class='ocrx_word' id='word_1_68' title='bbox 718 862 760 900; x_wconf 91' lang='lat' dir='ltr'>in</span> <span class='ocrx_word' id='word_1_69' title='bbox 793 861 853 901; x_wconf 81' lang='lat' dir='ltr'>cis</span> <span class='ocrx_word' id='word_1_70' title='bbox 875 858 1097 900; x_wconf 74' lang='lat' dir='ltr'>tractandis</span> <span class='ocrx_word' id='word_1_71' title='bbox 1129 858 1258 899; x_wconf 83' lang='lat' dir='ltr'>secuti</span> <span class='ocrx_word' id='word_1_72' title='bbox 1291 871 1445 898; x_wconf 90' lang='lat' dir='ltr'>sumus.</span> <span class='ocrx_word' id='word_1_73' title='bbox 1499 856 1650 897; x_wconf 89' lang='lat' dir='ltr'>Omnia</span> <span class='ocrx_word' id='word_1_74' title='bbox 1672 869 1791 911; x_wconf 81' lang='lat' dir='ltr'>grae-</span> 
     </span>
     <span class='ocr_line' id='line_1_10' title="bbox 278 929 1793 985; baseline -0.001 -14"><span class='ocrx_word' id='word_1_75' title='bbox 278 944 417 972; x_wconf 87' lang='lat' dir='ltr'>carum</span> <span class='ocrx_word' id='word_1_76' title='bbox 450 932 758 972; x_wconf 84' lang='lat' dir='ltr'>comoediarum</span> <span class='ocrx_word' id='word_1_77' title='bbox 790 935 1034 985; x_wconf 80' lang='lat' dir='ltr'>argumenta</span> <span class='ocrx_word' id='word_1_78' title='bbox 1065 930 1251 984; x_wconf 78' lang='lat' dir='ltr'>exceptis</span> <span class='ocrx_word' id='word_1_79' title='bbox 1283 930 1355 983; x_wconf 72' lang='lat' dir='ltr'>eis,</span> <span class='ocrx_word' id='word_1_80' title='bbox 1396 941 1502 983; x_wconf 89' lang='lat' dir='ltr'>quae</span> <span class='ocrx_word' id='word_1_81' title='bbox 1535 942 1586 969; x_wconf 83' lang='lat' dir='ltr'>ex</span> <span class='ocrx_word' id='word_1_82' title='bbox 1620 929 1793 970; x_wconf 85' lang='lat' dir='ltr'>historia</span> 
     </span>
    </p>
   </div>
   <div class='ocr_carea' id='block_1_3' title="bbox 276 994 1806 1058">
    <p class='ocr_par' dir='ltr' id='par_1_4' title="bbox 276 994 1806 1058">
     <span class='ocr_line' id='line_1_11' title="bbox 276 994 1806 1058; baseline -0.002 -14"><span class='ocrx_word' id='word_1_83' title='bbox 276 1003 452 1044; x_wconf 88' lang='lat' dir='ltr'>fabulari</span> <span class='ocrx_word' id='word_1_84' title='bbox 483 1005 609 1058; x_wconf 88' lang='lat' dir='ltr'>petita</span> <span class='ocrx_word' id='word_1_85' title='bbox 639 1008 747 1049; x_wconf 76' lang='lat' dir='ltr'>sunt,</span> <span class='ocrx_word' id='word_1_86' title='bbox 778 1005 827 1045; x_wconf 86' lang='lat' dir='ltr'>ad</span> <span class='ocrx_word' id='word_1_87' title='bbox 860 1017 957 1044; x_wconf 84' lang='lat' dir='ltr'>suae</span> <span class='ocrx_word' id='word_1_88' title='bbox 990 1003 1184 1057; x_wconf 87' lang='lat' dir='ltr'>quodque</span> <span class='ocrx_word' id='word_1_89' title='bbox 1216 1003 1362 1043; x_wconf 85' lang='lat' dir='ltr'>aetatis</span> <span class='ocrx_word' id='word_1_90' title='bbox 1396 1014 1460 1042; x_wconf 89' lang='lat' dir='ltr'>res</span> <span class='ocrx_word' id='word_1_91' title='bbox 1481 994 1806 1042; x_wconf 79' lang='lat' dir='ltr'>accommodata</span> 
     </span>
    </p>
   </div>
   <div class='ocr_carea' id='block_1_4' title="bbox 276 1071 1791 1993">
    <p class='ocr_par' dir='ltr' id='par_1_5' title="bbox 276 1071 1791 1993">
     <span class='ocr_line' id='line_1_12' title="bbox 279 1071 1790 1129; baseline -0.001 -14"><span class='ocrx_word' id='word_1_92' title='bbox 279 1075 483 1116; x_wconf 90' lang='lat' dir='ltr'>videntur.</span> <span class='ocrx_word' id='word_1_93' title='bbox 543 1074 707 1117; x_wconf 87' lang='lat' dir='ltr'>Scimus</span> <span class='ocrx_word' id='word_1_94' title='bbox 748 1076 789 1116; x_wconf 88' lang='lat' dir='ltr'>id</span> <span class='ocrx_word' id='word_1_95' title='bbox 835 1076 885 1116; x_wconf 85' lang='lat' dir='ltr'>de</span> <span class='ocrx_word' id='word_1_96' title='bbox 918 1075 1251 1129; x_wconf 71' lang='lat' dir='ltr'>Aristophaneis,</span> <span class='ocrx_word' id='word_1_97' title='bbox 1292 1074 1333 1114; x_wconf 91' lang='lat' dir='ltr'>in</span> <span class='ocrx_word' id='word_1_98' title='bbox 1380 1074 1533 1128; x_wconf 90' lang='lat' dir='ltr'>quibus</span> <span class='ocrx_word' id='word_1_99' title='bbox 1580 1086 1662 1114; x_wconf 92' lang='lat' dir='ltr'>non</span> <span class='ocrx_word' id='word_1_100' title='bbox 1704 1071 1790 1114; x_wconf 89' lang='lat' dir='ltr'>fere</span> 
     </span>
     <span class='ocr_line' id='line_1_13' title="bbox 277 1145 1789 1200; baseline -0.001 -14"><span class='ocrx_word' id='word_1_101' title='bbox 277 1145 539 1199; x_wconf 82' lang='lat' dir='ltr'>explicantur</span> <span class='ocrx_word' id='word_1_102' title='bbox 571 1146 649 1186; x_wconf 90' lang='lat' dir='ltr'>nisi</span> <span class='ocrx_word' id='word_1_103' title='bbox 682 1159 741 1197; x_wconf 79' lang='lat' dir='ltr'>ea,</span> <span class='ocrx_word' id='word_1_104' title='bbox 773 1158 878 1200; x_wconf 90' lang='lat' dir='ltr'>quac</span> <span class='ocrx_word' id='word_1_105' title='bbox 910 1145 1134 1185; x_wconf 88' lang='lat' dir='ltr'>novissime</span> <span class='ocrx_word' id='word_1_106' title='bbox 1165 1145 1272 1185; x_wconf 87' lang='lat' dir='ltr'>facta</span> <span class='ocrx_word' id='word_1_107' title='bbox 1305 1148 1423 1185; x_wconf 87' lang='lat' dir='ltr'>erant</span> <span class='ocrx_word' id='word_1_108' title='bbox 1453 1148 1494 1185; x_wconf 88' lang='lat' dir='ltr'>et</span> <span class='ocrx_word' id='word_1_109' title='bbox 1512 1147 1789 1198; x_wconf 85' lang='lat' dir='ltr'>spectatorum</span> 
     </span>
     <span class='ocr_line' id='line_1_14' title="bbox 278 1217 1791 1271; baseline -0.001 -13"><span class='ocrx_word' id='word_1_110' title='bbox 278 1218 438 1258; x_wconf 90' lang='lat' dir='ltr'>animos</span> <span class='ocrx_word' id='word_1_111' title='bbox 471 1219 593 1258; x_wconf 88' lang='lat' dir='ltr'>etiam</span> <span class='ocrx_word' id='word_1_112' title='bbox 626 1222 713 1258; x_wconf 90' lang='lat' dir='ltr'>tum</span> <span class='ocrx_word' id='word_1_113' title='bbox 745 1217 1041 1268; x_wconf 78' lang='lat' dir='ltr'>sollicitabant3</span> <span class='ocrx_word' id='word_1_114' title='bbox 1083 1217 1264 1270; x_wconf 81' lang='lat' dir='ltr'>suspicio</span> <span class='ocrx_word' id='word_1_115' title='bbox 1295 1217 1428 1271; x_wconf 73' lang='lat' dir='ltr'>igitur</span> <span class='ocrx_word' id='word_1_116' title='bbox 1458 1217 1631 1258; x_wconf 87' lang='lat' dir='ltr'>minime</span> <span class='ocrx_word' id='word_1_117' title='bbox 1661 1220 1791 1257; x_wconf 90' lang='lat' dir='ltr'>teme-</span> 
     </span>
     <span class='ocr_line' id='line_1_15' title="bbox 278 1289 1790 1344; baseline 0 -14"><span class='ocrx_word' id='word_1_118' title='bbox 278 1290 386 1330; x_wconf 88' lang='lat' dir='ltr'>raria</span> <span class='ocrx_word' id='word_1_119' title='bbox 425 1293 487 1330; x_wconf 88' lang='lat' dir='ltr'>est</span> <span class='ocrx_word' id='word_1_120' title='bbox 529 1293 573 1330; x_wconf 87' lang='lat' dir='ltr'>ut</span> <span class='ocrx_word' id='word_1_121' title='bbox 612 1291 654 1330; x_wconf 91' lang='lat' dir='ltr'>in</span> <span class='ocrx_word' id='word_1_122' title='bbox 686 1290 818 1344; x_wconf 89' lang='lat' dir='ltr'>ipsius</span> <span class='ocrx_word' id='word_1_123' title='bbox 849 1289 1085 1330; x_wconf 85' lang='lat' dir='ltr'>comoediae</span> <span class='ocrx_word' id='word_1_124' title='bbox 1117 1290 1264 1329; x_wconf 90' lang='lat' dir='ltr'>atticae</span> <span class='ocrx_word' id='word_1_125' title='bbox 1295 1293 1442 1329; x_wconf 88' lang='lat' dir='ltr'>natura</span> <span class='ocrx_word' id='word_1_126' title='bbox 1485 1289 1563 1329; x_wconf 89' lang='lat' dir='ltr'>sita</span> <span class='ocrx_word' id='word_1_127' title='bbox 1594 1289 1706 1330; x_wconf 91' lang='lat' dir='ltr'>idem</span> <span class='ocrx_word' id='word_1_128' title='bbox 1739 1289 1790 1330; x_wconf 89' lang='lat' dir='ltr'>de</span> 
     </span>
     <span class='ocr_line' id='line_1_16' title="bbox 280 1360 1789 1415; baseline 0.001 -14"><span class='ocrx_word' id='word_1_129' title='bbox 280 1361 551 1414; x_wconf 86' lang='lat' dir='ltr'>Antiphaneis</span> <span class='ocrx_word' id='word_1_130' title='bbox 592 1365 633 1402; x_wconf 86' lang='lat' dir='ltr'>et</span> <span class='ocrx_word' id='word_1_131' title='bbox 670 1361 935 1402; x_wconf 85' lang='lat' dir='ltr'>Menandreis</span> <span class='ocrx_word' id='word_1_132' title='bbox 977 1372 1066 1401; x_wconf 89' lang='lat' dir='ltr'>esse</span> <span class='ocrx_word' id='word_1_133' title='bbox 1105 1360 1382 1401; x_wconf 85' lang='lat' dir='ltr'>statuendum.</span> <span class='ocrx_word' id='word_1_134' title='bbox 1445 1361 1585 1414; x_wconf 83' lang='lat' dir='ltr'>Atque</span> <span class='ocrx_word' id='word_1_135' title='bbox 1630 1361 1676 1401; x_wconf 89' lang='lat' dir='ltr'>id</span> <span class='ocrx_word' id='word_1_136' title='bbox 1716 1373 1789 1415; x_wconf 88' lang='lat' dir='ltr'>pro</span> 
     </span>
     <span class='ocr_line' id='line_1_17' title="bbox 276 1432 1790 1487; baseline 0 -14"><span class='ocrx_word' id='word_1_137' title='bbox 276 1433 547 1474; x_wconf 86' lang='lat' dir='ltr'>fundamento</span> <span class='ocrx_word' id='word_1_138' title='bbox 580 1433 868 1487; x_wconf 84' lang='lat' dir='ltr'>quaestionum</span> <span class='ocrx_word' id='word_1_139' title='bbox 915 1437 1145 1474; x_wconf 87' lang='lat' dir='ltr'>nostrarum</span> <span class='ocrx_word' id='word_1_140' title='bbox 1186 1432 1484 1487; x_wconf 58' lang='lat' dir='ltr'>posuimusssss).</span> <span class='ocrx_word' id='word_1_141' title='bbox 1547 1432 1705 1481; x_wconf 82' lang='lat' dir='ltr'>Quodsi</span> <span class='ocrx_word' id='word_1_142' title='bbox 1745 1434 1790 1473; x_wconf 91' lang='lat' dir='ltr'>in</span> 
     </span>
     <span class='ocr_line' id='line_1_18' title="bbox 278 1503 1791 1559; baseline 0 -13"><span class='ocrx_word' id='word_1_143' title='bbox 278 1504 405 1546; x_wconf 84' lang='lat' dir='ltr'>Persa</span> <span class='ocrx_word' id='word_1_144' title='bbox 436 1504 652 1556; x_wconf 79' lang='lat' dir='ltr'>Plautina,</span> <span class='ocrx_word' id='word_1_145' title='bbox 698 1510 744 1546; x_wconf 90' lang='lat' dir='ltr'>ut</span> <span class='ocrx_word' id='word_1_146' title='bbox 787 1505 1022 1559; x_wconf 81' lang='lat' dir='ltr'>exemplum</span> <span class='ocrx_word' id='word_1_147' title='bbox 1064 1517 1271 1558; x_wconf 75' lang='lat' dir='ltr'>promam,</span> <span class='ocrx_word' id='word_1_148' title='bbox 1317 1503 1492 1557; x_wconf 81' lang='lat' dir='ltr'>Persae,</span> <span class='ocrx_word' id='word_1_149' title='bbox 1533 1505 1607 1558; x_wconf 90' lang='lat' dir='ltr'>qui</span> <span class='ocrx_word' id='word_1_150' title='bbox 1648 1508 1791 1546; x_wconf 86' lang='lat' dir='ltr'>contra</span> 
     </span>
     <span class='ocr_line' id='line_1_19' title="bbox 277 1575 1789 1630; baseline 0.001 -13"><span class='ocrx_word' id='word_1_151' title='bbox 277 1576 437 1617; x_wconf 85' lang='lat' dir='ltr'>Arabes</span> <span class='ocrx_word' id='word_1_152' title='bbox 479 1577 675 1618; x_wconf 89' lang='lat' dir='ltr'>dicuntur</span> <span class='ocrx_word' id='word_1_153' title='bbox 706 1577 970 1630; x_wconf 61' lang='lat' dir='ltr'>belligerare,</span> <span class='ocrx_word' id='word_1_154' title='bbox 1011 1576 1133 1629; x_wconf 84' lang='lat' dir='ltr'>regni</span> <span class='ocrx_word' id='word_1_155' title='bbox 1163 1575 1385 1617; x_wconf 85' lang='lat' dir='ltr'>Persarum</span> <span class='ocrx_word' id='word_1_156' title='bbox 1424 1576 1586 1617; x_wconf 82' lang='lat' dir='ltr'>incolae</span> <span class='ocrx_word' id='word_1_157' title='bbox 1626 1577 1789 1618; x_wconf 89' lang='lat' dir='ltr'>intelle-</span> 
     </span>
     <span class='ocr_line' id='line_1_20' title="bbox 278 1648 1788 1702; baseline 0.001 -14"><span class='ocrx_word' id='word_1_158' title='bbox 278 1651 456 1702; x_wconf 82' lang='lat' dir='ltr'>guntur,</span> <span class='ocrx_word' id='word_1_159' title='bbox 499 1661 580 1689; x_wconf 90' lang='lat' dir='ltr'>non</span> <span class='ocrx_word' id='word_1_160' title='bbox 622 1649 757 1702; x_wconf 87' lang='lat' dir='ltr'>potuit</span> <span class='ocrx_word' id='word_1_161' title='bbox 803 1649 903 1689; x_wconf 88' lang='lat' dir='ltr'>haec</span> <span class='ocrx_word' id='word_1_162' title='bbox 947 1648 1086 1689; x_wconf 80' lang='lat' dir='ltr'>fabula</span> <span class='ocrx_word' id='word_1_163' title='bbox 1129 1661 1211 1689; x_wconf 90' lang='lat' dir='ltr'>non</span> <span class='ocrx_word' id='word_1_164' title='bbox 1253 1648 1392 1689; x_wconf 87' lang='lat' dir='ltr'>doceri</span> <span class='ocrx_word' id='word_1_165' title='bbox 1432 1652 1527 1689; x_wconf 87' lang='lat' dir='ltr'>ante</span> <span class='ocrx_word' id='word_1_166' title='bbox 1561 1649 1788 1690; x_wconf 73' lang='lat' dir='ltr'>Alexandri</span> 
     </span>
     <span class='ocr_line' id='line_1_21' title="bbox 276 1719 1787 1775; baseline 0.001 -14"><span class='ocrx_word' id='word_1_167' title='bbox 276 1719 421 1774; x_wconf 85' lang='lat' dir='ltr'>Magni</span> <span class='ocrx_word' id='word_1_168' title='bbox 452 1721 771 1774; x_wconf 77' lang='lat' dir='ltr'>expeditionem.</span> <span class='ocrx_word' id='word_1_169' title='bbox 831 1719 911 1761; x_wconf 82' lang='lat' dir='ltr'>Sed</span> <span class='ocrx_word' id='word_1_170' title='bbox 943 1721 1066 1761; x_wconf 84' lang='lat' dir='ltr'>etiam</span> <span class='ocrx_word' id='word_1_171' title='bbox 1099 1721 1267 1775; x_wconf 86' lang='lat' dir='ltr'>longius</span> <span class='ocrx_word' id='word_1_172' title='bbox 1306 1721 1475 1774; x_wconf 86' lang='lat' dir='ltr'>procedi</span> <span class='ocrx_word' id='word_1_173' title='bbox 1519 1734 1638 1775; x_wconf 92' lang='lat' dir='ltr'>posse</span> <span class='ocrx_word' id='word_1_174' title='bbox 1683 1722 1787 1763; x_wconf 88' lang='lat' dir='ltr'>mihi</span> 
     </span>
     <span class='ocr_line' id='line_1_22' title="bbox 277 1791 1789 1847; baseline 0.002 -15"><span class='ocrx_word' id='word_1_175' title='bbox 277 1791 505 1833; x_wconf 87' lang='lat' dir='ltr'>videbatur.</span> <span class='ocrx_word' id='word_1_176' title='bbox 567 1791 777 1841; x_wconf 82' lang='lat' dir='ltr'>Quantum</span> <span class='ocrx_word' id='word_1_177' title='bbox 809 1793 974 1847; x_wconf 85' lang='lat' dir='ltr'>quidem</span> <span class='ocrx_word' id='word_1_178' title='bbox 1007 1793 1223 1847; x_wconf 78' lang='lat' dir='ltr'>perspexi,</span> <span class='ocrx_word' id='word_1_179' title='bbox 1261 1797 1404 1847; x_wconf 86' lang='lat' dir='ltr'>poetae</span> <span class='ocrx_word' id='word_1_180' title='bbox 1437 1792 1688 1834; x_wconf 87' lang='lat' dir='ltr'>Graecorum</span> <span class='ocrx_word' id='word_1_181' title='bbox 1722 1807 1789 1835; x_wconf 87' lang='lat' dir='ltr'>co-</span> 
     </span>
     <span class='ocr_line' id='line_1_23' title="bbox 277 1865 1787 1920; baseline 0.001 -15"><span class='ocrx_word' id='word_1_182' title='bbox 277 1865 376 1905; x_wconf 91' lang='lat' dir='ltr'>mici</span> <span class='ocrx_word' id='word_1_183' title='bbox 398 1869 644 1920; x_wconf 87' lang='lat' dir='ltr'>argumenta</span> <span class='ocrx_word' id='word_1_184' title='bbox 664 1865 897 1906; x_wconf 88' lang='lat' dir='ltr'>fabularum</span> <span class='ocrx_word' id='word_1_185' title='bbox 915 1878 1081 1907; x_wconf 87' lang='lat' dir='ltr'>suarum</span> <span class='ocrx_word' id='word_1_186' title='bbox 1106 1865 1335 1919; x_wconf 81' lang='lat' dir='ltr'>exigebant</span> <span class='ocrx_word' id='word_1_187' title='bbox 1356 1866 1405 1906; x_wconf 90' lang='lat' dir='ltr'>ad</span> <span class='ocrx_word' id='word_1_188' title='bbox 1425 1878 1567 1906; x_wconf 87' lang='lat' dir='ltr'>earum</span> <span class='ocrx_word' id='word_1_189' title='bbox 1585 1869 1787 1907; x_wconf 88' lang='lat' dir='ltr'>terrarum</span> 
     </span>
     <span class='ocr_line' id='line_1_24' title="bbox 276 1937 1789 1993; baseline 0.001 -15"><span class='ocrx_word' id='word_1_190' title='bbox 276 1949 354 1991; x_wconf 85' lang='lat' dir='ltr'>res,</span> <span class='ocrx_word' id='word_1_191' title='bbox 384 1938 429 1977; x_wconf 87' lang='lat' dir='ltr'>in</span> <span class='ocrx_word' id='word_1_192' title='bbox 461 1937 612 1991; x_wconf 88' lang='lat' dir='ltr'>quibus</span> <span class='ocrx_word' id='word_1_193' title='bbox 644 1938 838 1992; x_wconf 86' lang='lat' dir='ltr'>quodque</span> <span class='ocrx_word' id='word_1_194' title='bbox 869 1940 937 1992; x_wconf 81' lang='lat' dir='ltr'>agi</span> <span class='ocrx_word' id='word_1_195' title='bbox 968 1938 1214 1992; x_wconf 81' lang='lat' dir='ltr'>fingebatur.</span> <span class='ocrx_word' id='word_1_196' title='bbox 1275 1938 1367 1979; x_wconf 85' lang='lat' dir='ltr'>Non</span> <span class='ocrx_word' id='word_1_197' title='bbox 1400 1939 1532 1992; x_wconf 87' lang='lat' dir='ltr'>igitur</span> <span class='ocrx_word' id='word_1_198' title='bbox 1576 1938 1789 1993; x_wconf 89' lang='lat' dir='ltr'>probabile</span> 
     </span>
    </p>
   </div>
   <div class='ocr_carea' id='block_1_5' title="bbox 275 2040 411 2044">
    <p class='ocr_par' dir='ltr' id='par_1_6' title="bbox 275 2040 411 2044">
     <span class='ocr_line' id='line_1_25' title="bbox 275 2040 411 2044; baseline 0 0"><span class='ocrx_word' id='word_1_199' title='bbox 275 2040 411 2044; x_wconf 95' lang='lat' dir='ltr'> </span> 
     </span>
    </p>
   </div>
   <div class='ocr_carea' id='block_1_6' title="bbox 232 2096 1790 3006">
    <p class='ocr_par' dir='ltr' id='par_1_7' title="bbox 274 2096 1789 2564">
     <span class='ocr_line' id='line_1_26' title="bbox 393 2096 1788 2141; baseline 0.003 -11"><span class='ocrx_word' id='word_1_200' title='bbox 393 2096 427 2141; x_wconf 86' lang='lat'>*)</span> <span class='ocrx_word' id='word_1_201' title='bbox 453 2096 644 2131; x_wconf 86' lang='lat' dir='ltr'>Asinariae</span> <span class='ocrx_word' id='word_1_202' title='bbox 670 2107 811 2140; x_wconf 85' lang='lat' dir='ltr'>quoque</span> <span class='ocrx_word' id='word_1_203' title='bbox 837 2098 1037 2141; x_wconf 85' lang='lat' dir='ltr'>parasitum</span> <span class='ocrx_word' id='word_1_204' title='bbox 1061 2096 1282 2131; x_wconf 75' lang='lat' dir='ltr'>Ribbeckius</span> <span class='ocrx_word' id='word_1_205' title='bbox 1309 2097 1440 2141; x_wconf 83' lang='lat' dir='ltr'>(Kolax</span> <span class='ocrx_word' id='word_1_206' title='bbox 1464 2097 1788 2136; x_wconf 69' lang='lat' dir='ltr'>1.1.an.Dicht.</span> 
     </span>
     <span class='ocr_line' id='line_1_27' title="bbox 275 2158 1788 2203; baseline 0.002 -10"><span class='ocrx_word' id='word_1_207' title='bbox 275 2159 292 2193; x_wconf 89' lang='lat' dir='ltr'>I</span> <span class='ocrx_word' id='word_1_208' title='bbox 316 2169 350 2203; x_wconf 90' lang='lat' dir='ltr'>p.</span> <span class='ocrx_word' id='word_1_209' title='bbox 378 2159 437 2202; x_wconf 78' lang='lat'>84)</span> <span class='ocrx_word' id='word_1_210' title='bbox 463 2158 558 2193; x_wconf 86' lang='lat' dir='ltr'>inter</span> <span class='ocrx_word' id='word_1_211' title='bbox 583 2159 777 2193; x_wconf 81' lang='lat' dir='ltr'>malevolos</span> <span class='ocrx_word' id='word_1_212' title='bbox 805 2163 912 2202; x_wconf 83' lang='lat' dir='ltr'>atque</span> <span class='ocrx_word' id='word_1_213' title='bbox 938 2159 1050 2193; x_wconf 85' lang='lat' dir='ltr'>iratos</span> <span class='ocrx_word' id='word_1_214' title='bbox 1076 2159 1286 2193; x_wconf 74' lang='lat' dir='ltr'>numeravit.</span> <span class='ocrx_word' id='word_1_215' title='bbox 1338 2159 1465 2193; x_wconf 89' lang='lat' dir='ltr'>Potius</span> <span class='ocrx_word' id='word_1_216' title='bbox 1491 2163 1686 2203; x_wconf 86' lang='lat' dir='ltr'>patronum</span> <span class='ocrx_word' id='word_1_217' title='bbox 1711 2161 1788 2197; x_wconf 90' lang='lat' dir='ltr'>eius</span> 
     </span>
     <span class='ocr_line' id='line_1_28' title="bbox 278 2220 1787 2267; baseline 0.003 -13"><span class='ocrx_word' id='word_1_218' title='bbox 278 2220 573 2255; x_wconf 80' lang='lat' dir='ltr'>calumniatorem</span> <span class='ocrx_word' id='word_1_219' title='bbox 603 2230 682 2255; x_wconf 86' lang='lat' dir='ltr'>esse</span> <span class='ocrx_word' id='word_1_220' title='bbox 714 2225 750 2255; x_wconf 91' lang='lat' dir='ltr'>et</span> <span class='ocrx_word' id='word_1_221' title='bbox 776 2221 855 2265; x_wconf 83' lang='lat' dir='ltr'>ipsa</span> <span class='ocrx_word' id='word_1_222' title='bbox 881 2220 1006 2255; x_wconf 78' lang='lat' dir='ltr'>fabula</span> <span class='ocrx_word' id='word_1_223' title='bbox 1033 2220 1138 2255; x_wconf 84' lang='lat' dir='ltr'>docet</span> <span class='ocrx_word' id='word_1_224' title='bbox 1173 2224 1210 2255; x_wconf 90' lang='lat' dir='ltr'>et</span> <span class='ocrx_word' id='word_1_225' title='bbox 1235 2231 1364 2255; x_wconf 85' lang='lat' dir='ltr'>nomen</span> <span class='ocrx_word' id='word_1_226' title='bbox 1391 2222 1467 2256; x_wconf 87' lang='lat' dir='ltr'>eius</span> <span class='ocrx_word' id='word_1_227' title='bbox 1494 2220 1664 2267; x_wconf 74' lang='grc' dir='ltr'>Διάβολος.</span> <span class='ocrx_word' id='word_1_228' title='bbox 1715 2223 1787 2258; x_wconf 90' lang='lat' dir='ltr'>Pro</span> 
     </span>
     <span class='ocr_line' id='line_1_29' title="bbox 278 2282 1788 2328; baseline 0.003 -12"><span class='ocrx_word' id='word_1_229' title='bbox 278 2292 347 2326; x_wconf 91' lang='lat' dir='ltr'>quo</span> <span class='ocrx_word' id='word_1_230' title='bbox 381 2292 460 2316; x_wconf 83' lang='lat' dir='ltr'>cum</span> <span class='ocrx_word' id='word_1_231' title='bbox 485 2282 668 2325; x_wconf 87' lang='lat' dir='ltr'>parasitus</span> <span class='ocrx_word' id='word_1_232' title='bbox 695 2284 912 2317; x_wconf 83' lang='lat' dir='ltr'>Artemonae</span> <span class='ocrx_word' id='word_1_233' title='bbox 947 2282 1084 2317; x_wconf 84' lang='lat' dir='ltr'>factum</span> <span class='ocrx_word' id='word_1_234' title='bbox 1117 2282 1238 2317; x_wconf 82' lang='lat' dir='ltr'>mariti</span> <span class='ocrx_word' id='word_1_235' title='bbox 1270 2287 1415 2323; x_wconf 75' lang='lat' dir='ltr'>narrat,</span> <span class='ocrx_word' id='word_1_236' title='bbox 1453 2294 1524 2317; x_wconf 89' lang='lat' dir='ltr'>non</span> <span class='ocrx_word' id='word_1_237' title='bbox 1558 2283 1596 2318; x_wconf 93' lang='lat' dir='ltr'>id</span> <span class='ocrx_word' id='word_1_238' title='bbox 1621 2284 1712 2328; x_wconf 83' lang='lat' dir='ltr'>agit,</span> <span class='ocrx_word' id='word_1_239' title='bbox 1747 2289 1788 2321; x_wconf 85' lang='lat' dir='ltr'>ut</span> 
     </span>
     <span class='ocr_line' id='line_1_30' title="bbox 276 2343 1786 2388; baseline 0.002 -10"><span class='ocrx_word' id='word_1_240' title='bbox 276 2344 534 2378; x_wconf 87' lang='lat' dir='ltr'>Demaenetum</span> <span class='ocrx_word' id='word_1_241' title='bbox 558 2343 754 2377; x_wconf 78' lang='lat' dir='ltr'>ulciscatur</span> <span class='ocrx_word' id='word_1_242' title='bbox 781 2365 825 2368; x_wconf 97' lang='lat'><strong>—</strong></span> <span class='ocrx_word' id='word_1_243' title='bbox 851 2345 949 2378; x_wconf 69' lang='lat' dir='ltr'>cuius</span> <span class='ocrx_word' id='word_1_244' title='bbox 976 2344 1029 2379; x_wconf 85' lang='lat' dir='ltr'>rei</span> <span class='ocrx_word' id='word_1_245' title='bbox 1056 2354 1165 2378; x_wconf 75' lang='lat' dir='ltr'>causa</span> <span class='ocrx_word' id='word_1_246' title='bbox 1192 2344 1291 2378; x_wconf 80' lang='lat' dir='ltr'>nulla</span> <span class='ocrx_word' id='word_1_247' title='bbox 1318 2348 1371 2378; x_wconf 85' lang='lat' dir='ltr'>cst</span> <span class='ocrx_word' id='word_1_248' title='bbox 1400 2365 1454 2388; x_wconf 52' lang='grc' dir='ltr'>ψ,</span> <span class='ocrx_word' id='word_1_249' title='bbox 1482 2344 1546 2379; x_wconf 86' lang='lat' dir='ltr'>sed</span> <span class='ocrx_word' id='word_1_250' title='bbox 1574 2348 1614 2379; x_wconf 86' lang='lat' dir='ltr'>ut</span> <span class='ocrx_word' id='word_1_251' title='bbox 1633 2345 1786 2382; x_wconf 86' lang='lat' dir='ltr'>Diabolo</span> 
     </span>
     <span class='ocr_line' id='line_1_31' title="bbox 274 2403 1789 2449; baseline 0.004 -12"><span class='ocrx_word' id='word_1_252' title='bbox 274 2407 492 2448; x_wconf 85' lang='lat' dir='ltr'>potestatem</span> <span class='ocrx_word' id='word_1_253' title='bbox 519 2403 631 2438; x_wconf 77' lang='lat' dir='ltr'>faciat</span> <span class='ocrx_word' id='word_1_254' title='bbox 658 2404 881 2439; x_wconf 84' lang='lat' dir='ltr'>Philaenium</span> <span class='ocrx_word' id='word_1_255' title='bbox 917 2416 985 2439; x_wconf 78' lang='lat' dir='ltr'>una</span> <span class='ocrx_word' id='word_1_256' title='bbox 1019 2415 1099 2438; x_wconf 80' lang='lat' dir='ltr'>cum</span> <span class='ocrx_word' id='word_1_257' title='bbox 1124 2405 1332 2449; x_wconf 73' lang='lat' dir='ltr'>Argyrippo</span> <span class='ocrx_word' id='word_1_258' title='bbox 1360 2405 1588 2449; x_wconf 85' lang='lat' dir='ltr'>possidendi⁷</span> <span class='ocrx_word' id='word_1_259' title='bbox 1630 2419 1716 2442; x_wconf 52' lang='lat' dir='ltr'>«nam</span> <span class='ocrx_word' id='word_1_260' title='bbox 1748 2409 1789 2443; x_wconf 79' lang='lat' dir='ltr'>ni</span> 
     </span>
     <span class='ocr_line' id='line_1_32' title="bbox 275 2466 1788 2513; baseline 0.005 -14"><span class='ocrx_word' id='word_1_261' title='bbox 275 2466 433 2510; x_wconf 77' lang='lat' dir='ltr'>impetro,</span> <span class='ocrx_word' id='word_1_262' title='bbox 460 2476 569 2509; x_wconf 72' lang='lat' dir='ltr'>reyem</span> <span class='ocrx_word' id='word_1_263' title='bbox 591 2466 737 2509; x_wconf 73' lang='lat' dir='ltr'>perdidi</span> <span class='ocrx_word' id='word_1_264' title='bbox 763 2468 807 2507; x_wconf 82' lang='lat' dir='ltr'>(v.</span> <span class='ocrx_word' id='word_1_265' title='bbox 836 2468 928 2510; x_wconf 64' lang='lat'>918).</span> <span class='ocrx_word' id='word_1_266' title='bbox 975 2467 1112 2502; x_wconf 87' lang='lat' dir='ltr'>Eodem</span> <span class='ocrx_word' id='word_1_267' title='bbox 1138 2467 1216 2501; x_wconf 90' lang='lat' dir='ltr'>iure</span> <span class='ocrx_word' id='word_1_268' title='bbox 1243 2467 1495 2502; x_wconf 86' lang='lat' dir='ltr'>Phormionem</span> <span class='ocrx_word' id='word_1_269' title='bbox 1520 2469 1788 2513; x_wconf 86' lang='lat' dir='ltr'>Apollodoreae</span> 
     </span>
     <span class='ocr_line' id='line_1_33' title="bbox 277 2526 1096 2564; baseline 0.002 -3"><span class='ocrx_word' id='word_1_270' title='bbox 277 2526 482 2562; x_wconf 85' lang='lat' dir='ltr'>comoediae</span> <span class='ocrx_word' id='word_1_271' title='bbox 507 2528 703 2562; x_wconf 80' lang='lat' dir='ltr'>ulciscendi</span> <span class='ocrx_word' id='word_1_272' title='bbox 730 2528 871 2563; x_wconf 79' lang='lat' dir='ltr'>avidum</span> <span class='ocrx_word' id='word_1_273' title='bbox 898 2530 1096 2564; x_wconf 81' lang='lat' dir='ltr'>arbitreris.</span> 
     </span>
    </p>

    <p class='ocr_par' dir='ltr' id='par_1_8' title="bbox 232 2586 1790 3006">
     <span class='ocr_line' id='line_1_34' title="bbox 390 2586 1788 2634; baseline 0.005 -12"><span class='ocrx_word' id='word_1_274' title='bbox 390 2586 445 2633; x_wconf 79' lang='grc'>**)</span> <span class='ocrx_word' id='word_1_275' title='bbox 471 2588 585 2623; x_wconf 82' lang='lat' dir='ltr'>Valde</span> <span class='ocrx_word' id='word_1_276' title='bbox 611 2590 754 2632; x_wconf 76' lang='lat' dir='ltr'>gavisus</span> <span class='ocrx_word' id='word_1_277' title='bbox 783 2601 874 2632; x_wconf 77' lang='lat' dir='ltr'>sum,</span> <span class='ocrx_word' id='word_1_278' title='bbox 909 2602 986 2625; x_wconf 63' lang='lat' dir='ltr'>rum</span> <span class='ocrx_word' id='word_1_279' title='bbox 1017 2591 1083 2625; x_wconf 87' lang='lat' dir='ltr'>hoc</span> <span class='ocrx_word' id='word_1_280' title='bbox 1111 2590 1285 2634; x_wconf 87' lang='lat' dir='ltr'>opusculo</span> <span class='ocrx_word' id='word_1_281' title='bbox 1321 2590 1391 2625; x_wconf 86' lang='lat' dir='ltr'>iam</span> <span class='ocrx_word' id='word_1_282' title='bbox 1418 2591 1585 2626; x_wconf 86' lang='lat' dir='ltr'>absoluto</span> <span class='ocrx_word' id='word_1_283' title='bbox 1619 2592 1788 2629; x_wconf 88' lang='lat' dir='ltr'>vidissem</span> 
     </span>
     <span class='ocr_line' id='line_1_35' title="bbox 276 2649 1789 2700; baseline 0.005 -17"><span class='ocrx_word' id='word_1_284' title='bbox 276 2649 591 2685; x_wconf 84' lang='lat' dir='ltr'>Wilamowitzium</span> <span class='ocrx_word' id='word_1_285' title='bbox 625 2651 661 2685; x_wconf 90' lang='lat' dir='ltr'>in</span> <span class='ocrx_word' id='word_1_286' title='bbox 693 2652 764 2686; x_wconf 85' lang='lat' dir='ltr'>ind.</span> <span class='ocrx_word' id='word_1_287' title='bbox 798 2653 907 2687; x_wconf 78' lang='lat' dir='ltr'>schol.</span> <span class='ocrx_word' id='word_1_288' title='bbox 945 2653 1103 2696; x_wconf 84' lang='lat' dir='ltr'>Gotting.</span> <span class='ocrx_word' id='word_1_289' title='bbox 1135 2654 1265 2696; x_wconf 74' lang='grc'>189314</span> <span class='ocrx_word' id='word_1_290' title='bbox 1290 2664 1323 2697; x_wconf 89' lang='lat' dir='ltr'>p.</span> <span class='ocrx_word' id='word_1_291' title='bbox 1354 2655 1395 2687; x_wconf 76' lang='lat'>15</span> <span class='ocrx_word' id='word_1_292' title='bbox 1431 2653 1475 2687; x_wconf 84' lang='lat' dir='ltr'>de</span> <span class='ocrx_word' id='word_1_293' title='bbox 1507 2654 1650 2689; x_wconf 88' lang='lat' dir='ltr'>ratione</span> <span class='ocrx_word' id='word_1_294' title='bbox 1680 2656 1789 2700; x_wconf 87' lang='lat' dir='ltr'>plane</span> 
     </span>
     <span class='ocr_line' id='line_1_36' title="bbox 275 2712 1790 2753; baseline 0.005 -8"><span class='ocrx_word' id='word_1_295' title='bbox 275 2721 412 2746; x_wconf 78' lang='lat' dir='ltr'>mecum</span> <span class='ocrx_word' id='word_1_296' title='bbox 438 2712 651 2747; x_wconf 85' lang='lat' dir='ltr'>consentire.</span> <span class='ocrx_word' id='word_1_297' title='bbox 703 2713 869 2748; x_wconf 78' lang='lat' dir='ltr'>Ceterum</span> <span class='ocrx_word' id='word_1_298' title='bbox 895 2714 1102 2750; x_wconf 83' lang='lat' dir='ltr'>dissertatio</span> <span class='ocrx_word' id='word_1_299' title='bbox 1137 2725 1216 2749; x_wconf 81' lang='lat' dir='ltr'>mea</span> <span class='ocrx_word' id='word_1_300' title='bbox 1242 2714 1360 2748; x_wconf 86' lang='lat' dir='ltr'>ordini</span> <span class='ocrx_word' id='word_1_301' title='bbox 1386 2714 1519 2749; x_wconf 89' lang='lat' dir='ltr'>dudum</span> <span class='ocrx_word' id='word_1_302' title='bbox 1553 2715 1676 2751; x_wconf 86' lang='lat' dir='ltr'>oblata</span> <span class='ocrx_word' id='word_1_303' title='bbox 1709 2721 1790 2753; x_wconf 84' lang='lat' dir='ltr'>tota</span> 
     </span>
     <span class='ocr_line' id='line_1_37' title="bbox 232 2772 1790 2823; baseline 0.004 -16"><span class='ocrx_word' id='word_1_304' title='bbox 232 2801 233 2807; x_wconf 71' lang='grc'>,</span> <span class='ocrx_word' id='word_1_305' title='bbox 274 2772 509 2808; x_wconf 83' lang='lat' dir='ltr'>retractanda</span> <span class='ocrx_word' id='word_1_306' title='bbox 535 2772 623 2817; x_wconf 86' lang='lat' dir='ltr'>fuit,</span> <span class='ocrx_word' id='word_1_307' title='bbox 660 2779 850 2819; x_wconf 84' lang='lat' dir='ltr'>postquam</span> <span class='ocrx_word' id='word_1_308' title='bbox 886 2776 999 2811; x_wconf 69' lang='lat' dir='ltr'>Nicsii</span> <span class='ocrx_word' id='word_1_309' title='bbox 1033 2776 1077 2811; x_wconf 88' lang='lat' dir='ltr'>de</span> <span class='ocrx_word' id='word_1_310' title='bbox 1103 2776 1310 2810; x_wconf 77' lang='lat' dir='ltr'>civitatibus</span> <span class='ocrx_word' id='word_1_311' title='bbox 1335 2777 1475 2823; x_wconf 80' lang='lat' dir='ltr'>graecis</span> <span class='ocrx_word' id='word_1_312' title='bbox 1509 2781 1545 2811; x_wconf 83' lang='lat' dir='ltr'>et</span> <span class='ocrx_word' id='word_1_313' title='bbox 1571 2777 1790 2814; x_wconf 82' lang='lat' dir='ltr'>macedoniis</span> 
     </span>
     <span class='ocr_line' id='line_1_38' title="bbox 275 2822 1789 2878; baseline 0.005 -11"><span class='ocrx_word' id='word_1_314' title='bbox 275 2833 368 2868; x_wconf 87' lang='lat' dir='ltr'>liber</span> <span class='ocrx_word' id='word_1_315' title='bbox 393 2833 537 2877; x_wconf 85' lang='lat' dir='ltr'>prodiit.</span> <span class='ocrx_word' id='word_1_316' title='bbox 590 2835 666 2878; x_wconf 87' lang='lat' dir='ltr'>Qua</span> <span class='ocrx_word' id='word_1_317' title='bbox 700 2836 736 2869; x_wconf 88' lang='lat' dir='ltr'>in</span> <span class='ocrx_word' id='word_1_318' title='bbox 762 2847 800 2870; x_wconf 85' lang='lat' dir='ltr'>re</span> <span class='ocrx_word' id='word_1_319' title='bbox 826 2839 947 2872; x_wconf 78' lang='lat' dir='ltr'>tantae</span> <span class='ocrx_word' id='word_1_320' title='bbox 967 2826 1247 2873; x_wconf 47' lang='lat' dir='ltr'>*fft‘ilitati&#39;iniifi</span> <span class='ocrx_word' id='word_1_321' title='bbox 1274 2822 1423 2872; x_wconf 57' lang='lat' dir='ltr'>fueYunt</span> <span class='ocrx_word' id='word_1_322' title='bbox 1458 2843 1566 2873; x_wconf 83' lang='lat' dir='ltr'>notae</span> <span class='ocrx_word' id='word_1_323' title='bbox 1591 2827 1724 2874; x_wconf 75' lang='lat' dir='ltr'>Leonis</span> <span class='ocrx_word' id='word_1_324' title='bbox 1752 2845 1789 2876; x_wconf 83' lang='lat' dir='ltr'>et</span> 
     </span>
     <span class='ocr_line' id='line_1_39' title="bbox 275 2892 1788 2943; baseline 0.005 -16"><span class='ocrx_word' id='word_1_325' title='bbox 275 2892 543 2929; x_wconf 80' lang='lat' dir='ltr'>Wilamowitzii</span> <span class='ocrx_word' id='word_1_326' title='bbox 569 2897 814 2941; x_wconf 81' lang='lat' dir='ltr'>manuscripto</span> <span class='ocrx_word' id='word_1_327' title='bbox 842 2909 918 2932; x_wconf 82' lang='lat' dir='ltr'>meo</span> <span class='ocrx_word' id='word_1_328' title='bbox 946 2898 1107 2942; x_wconf 84' lang='lat' dir='ltr'>additae,</span> <span class='ocrx_word' id='word_1_329' title='bbox 1143 2902 1183 2932; x_wconf 84' lang='lat' dir='ltr'>ut</span> <span class='ocrx_word' id='word_1_330' title='bbox 1207 2898 1315 2941; x_wconf 75' lang='lat' dir='ltr'>longe</span> <span class='ocrx_word' id='word_1_331' title='bbox 1348 2909 1418 2932; x_wconf 92' lang='lat' dir='ltr'>non</span> <span class='ocrx_word' id='word_1_332' title='bbox 1446 2899 1582 2943; x_wconf 89' lang='lat' dir='ltr'>onmia,</span> <span class='ocrx_word' id='word_1_333' title='bbox 1619 2910 1711 2943; x_wconf 87' lang='lat' dir='ltr'>quae</span> <span class='ocrx_word' id='word_1_334' title='bbox 1737 2902 1788 2936; x_wconf 87' lang='lat' dir='ltr'>eis</span> 
     </span>
     <span class='ocr_line' id='line_1_40' title="bbox 277 2954 1217 3006; baseline 0.005 -17"><span class='ocrx_word' id='word_1_335' title='bbox 277 2954 402 3000; x_wconf 84' lang='lat' dir='ltr'>debeo,</span> <span class='ocrx_word' id='word_1_336' title='bbox 428 2965 551 2991; x_wconf 85' lang='lat' dir='ltr'>eorum</span> <span class='ocrx_word' id='word_1_337' title='bbox 578 2958 780 2993; x_wconf 87' lang='lat' dir='ltr'>nominibus</span> <span class='ocrx_word' id='word_1_338' title='bbox 806 2959 1002 2996; x_wconf 74' lang='lat' dir='ltr'>inscribere</span> <span class='ocrx_word' id='word_1_339' title='bbox 1027 2960 1217 3006; x_wconf 87' lang='lat' dir='ltr'>potuerim.</span> 
     </span>
    </p>
   </div>
   <div class='ocr_carea' id='block_1_7' title="bbox 1855 354 1871 369">
    <p class='ocr_par' dir='ltr' id='par_1_9' title="bbox 1855 354 1871 369">
     <span class='ocr_line' id='line_1_41' title="bbox 1855 354 1871 369; baseline 0 0"><span class='ocrx_word' id='word_1_340' title='bbox 1855 354 1871 369; x_wconf 68' lang='grc' dir='ltr'><strong><em>Ι</em></strong></span> 
     </span>
    </p>
   </div>
  </div>
 </body>
</html>
