<?xml version="1.0" encoding="UTF-8"?>
<!DOCTYPE html PUBLIC "-//W3C//DTD XHTML 1.0 Transitional//EN"
    "http://www.w3.org/TR/xhtml1/DTD/xhtml1-transitional.dtd">
<html xmlns="http://www.w3.org/1999/xhtml" xml:lang="en" lang="en">
 <head>
  <title>
</title>
<meta http-equiv="Content-Type" content="text/html;charset=utf-8" />
  <meta name='ocr-system' content='tesseract 3.04.00' />
  <meta name='ocr-capabilities' content='ocr_page ocr_carea ocr_par ocr_line ocrx_word'/>
</head>
<body>
  <div class='ocr_page' id='page_1' title='image "./deplauticomoedia00huefuoft_0012.png"; bbox 0 0 2023 3299; ppageno 0'>
   <div class='ocr_carea' id='block_1_1' title="bbox 1005 219 1043 261">
    <p class='ocr_par' dir='ltr' id='par_1_1' title="bbox 1005 219 1043 261">
     <span class='ocr_line' id='line_1_1' title="bbox 1005 219 1043 261; baseline 0 -37"><span class='ocrx_word' id='word_1_1' title='bbox 1005 219 1043 261; x_wconf 65' lang='lat'>8.</span> 
     </span>
    </p>
   </div>
   <div class='ocr_carea' id='block_1_2' title="bbox 245 333 1785 2987">
    <p class='ocr_par' dir='ltr' id='par_1_2' title="bbox 245 333 1785 2339">
     <span class='ocr_line' id='line_1_2' title="bbox 383 333 1785 391; baseline -0.004 -11"><span class='ocrx_word' id='word_1_2' title='bbox 383 337 497 387; x_wconf 86' lang='lat' dir='ltr'>Quae</span> <span class='ocrx_word' id='word_1_3' title='bbox 520 339 735 391; x_wconf 85' lang='lat' dir='ltr'>hucusque</span> <span class='ocrx_word' id='word_1_4' title='bbox 759 334 1075 389; x_wconf 66' lang='lat' dir='ltr'>disputavimus,</span> <span class='ocrx_word' id='word_1_5' title='bbox 1107 334 1247 375; x_wconf 89' lang='lat' dir='ltr'>nescio</span> <span class='ocrx_word' id='word_1_6' title='bbox 1280 346 1361 388; x_wconf 83' lang='lat' dir='ltr'>quo</span> <span class='ocrx_word' id='word_1_7' title='bbox 1384 333 1506 374; x_wconf 83' lang='lat' dir='ltr'>niodo</span> <span class='ocrx_word' id='word_1_8' title='bbox 1529 337 1612 374; x_wconf 90' lang='lat' dir='ltr'>toto</span> <span class='ocrx_word' id='word_1_9' title='bbox 1636 333 1785 387; x_wconf 87' lang='lat' dir='ltr'>colore,</span> 
     </span>
     <span class='ocr_line' id='line_1_3' title="bbox 268 406 1782 465; baseline -0.003 -13"><span class='ocrx_word' id='word_1_10' title='bbox 268 424 348 465; x_wconf 90' lang='lat' dir='ltr'>qno</span> <span class='ocrx_word' id='word_1_11' title='bbox 378 410 514 452; x_wconf 87' lang='lat' dir='ltr'>Plauti</span> <span class='ocrx_word' id='word_1_12' title='bbox 545 409 811 462; x_wconf 88' lang='lat' dir='ltr'>Terentiique</span> <span class='ocrx_word' id='word_1_13' title='bbox 851 406 1014 447; x_wconf 86' lang='lat' dir='ltr'>fabulae</span> <span class='ocrx_word' id='word_1_14' title='bbox 1046 406 1241 447; x_wconf 77' lang='lat' dir='ltr'>inductae</span> <span class='ocrx_word' id='word_1_15' title='bbox 1285 410 1405 453; x_wconf 78' lang='lat' dir='ltr'>sunt,</span> <span class='ocrx_word' id='word_1_16' title='bbox 1450 406 1782 460; x_wconf 87' lang='lat' dir='ltr'>comprobantur.</span> 
     </span>
     <span class='ocr_line' id='line_1_4' title="bbox 266 479 1779 524; baseline -0.003 0"><span class='ocrx_word' id='word_1_17' title='bbox 266 483 468 524; x_wconf 87' lang='lat' dir='ltr'>Videmus</span> <span class='ocrx_word' id='word_1_18' title='bbox 512 482 625 523; x_wconf 82' lang='lat' dir='ltr'>cives</span> <span class='ocrx_word' id='word_1_19' title='bbox 657 481 934 521; x_wconf 69' lang='lat' dir='ltr'>Athenienses</span> <span class='ocrx_word' id='word_1_20' title='bbox 965 479 1078 519; x_wconf 89' lang='lat' dir='ltr'>omni</span> <span class='ocrx_word' id='word_1_21' title='bbox 1110 479 1315 519; x_wconf 88' lang='lat' dir='ltr'>maiorum</span> <span class='ocrx_word' id='word_1_22' title='bbox 1361 479 1513 519; x_wconf 90' lang='lat' dir='ltr'>virtute</span> <span class='ocrx_word' id='word_1_23' title='bbox 1559 479 1779 520; x_wconf 90' lang='lat' dir='ltr'>destitutos</span> 
     </span>
     <span class='ocr_line' id='line_1_5' title="bbox 265 550 1776 608; baseline -0.001 -13"><span class='ocrx_word' id='word_1_24' title='bbox 265 568 340 596; x_wconf 90' lang='lat' dir='ltr'>nec</span> <span class='ocrx_word' id='word_1_25' title='bbox 379 556 421 595; x_wconf 90' lang='grc'>111</span> <span class='ocrx_word' id='word_1_26' title='bbox 462 568 505 595; x_wconf 86' lang='lat' dir='ltr'>rc</span> <span class='ocrx_word' id='word_1_27' title='bbox 537 554 700 608; x_wconf 87' lang='lat' dir='ltr'>publica</span> <span class='ocrx_word' id='word_1_28' title='bbox 732 550 1057 593; x_wconf 88' lang='lat' dir='ltr'>administranda</span> <span class='ocrx_word' id='word_1_29' title='bbox 1090 555 1301 592; x_wconf 86' lang='lat' dir='ltr'>versantes</span> <span class='ocrx_word' id='word_1_30' title='bbox 1345 563 1421 592; x_wconf 89' lang='lat' dir='ltr'>nec</span> <span class='ocrx_word' id='word_1_31' title='bbox 1453 550 1576 592; x_wconf 86' lang='lat' dir='ltr'>rebus</span> <span class='ocrx_word' id='word_1_32' title='bbox 1608 552 1776 604; x_wconf 87' lang='lat' dir='ltr'>exteris,</span> 
     </span>
     <span class='ocr_line' id='line_1_6' title="bbox 264 622 1779 681; baseline -0.002 -13"><span class='ocrx_word' id='word_1_33' title='bbox 264 639 370 681; x_wconf 85' lang='lat' dir='ltr'>quae</span> <span class='ocrx_word' id='word_1_34' title='bbox 412 627 534 667; x_wconf 86' lang='lat' dir='ltr'>etiam</span> <span class='ocrx_word' id='word_1_35' title='bbox 569 625 750 679; x_wconf 87' lang='lat' dir='ltr'>Philippi</span> <span class='ocrx_word' id='word_1_36' title='bbox 782 622 1036 677; x_wconf 77' lang='lat' dir='ltr'>temporibus</span> <span class='ocrx_word' id='word_1_37' title='bbox 1079 622 1274 663; x_wconf 88' lang='lat' dir='ltr'>omnibus</span> <span class='ocrx_word' id='word_1_38' title='bbox 1315 635 1502 664; x_wconf 89' lang='lat' dir='ltr'>summae</span> <span class='ocrx_word' id='word_1_39' title='bbox 1547 635 1671 664; x_wconf 88' lang='lat' dir='ltr'>curae</span> <span class='ocrx_word' id='word_1_40' title='bbox 1712 622 1779 665; x_wconf 88' lang='lat' dir='ltr'>fu-</span> 
     </span>
     <span class='ocr_line' id='line_1_7' title="bbox 263 695 1778 749; baseline -0.002 -9"><span class='ocrx_word' id='word_1_41' title='bbox 263 706 398 747; x_wconf 79' lang='lat' dir='ltr'>erant,</span> <span class='ocrx_word' id='word_1_42' title='bbox 440 699 675 739; x_wconf 77' lang='lat' dir='ltr'>studentes:</span> <span class='ocrx_word' id='word_1_43' title='bbox 722 697 904 738; x_wconf 76' lang='lat' dir='ltr'>Athenae</span> <span class='ocrx_word' id='word_1_44' title='bbox 953 707 1032 736; x_wconf 89' lang='lat' dir='ltr'>nou</span> <span class='ocrx_word' id='word_1_45' title='bbox 1088 708 1160 737; x_wconf 90' lang='lat' dir='ltr'>eae</span> <span class='ocrx_word' id='word_1_46' title='bbox 1210 698 1330 747; x_wconf 88' lang='lat' dir='ltr'>sunt,</span> <span class='ocrx_word' id='word_1_47' title='bbox 1373 707 1479 749; x_wconf 88' lang='lat' dir='ltr'>quae</span> <span class='ocrx_word' id='word_1_48' title='bbox 1530 695 1641 737; x_wconf 91' lang='lat' dir='ltr'>solae</span> <span class='ocrx_word' id='word_1_49' title='bbox 1691 696 1778 738; x_wconf 85' lang='lat' dir='ltr'>fere</span> 
     </span>
     <span class='ocr_line' id='line_1_8' title="bbox 260 766 1778 824; baseline -0.002 -12"><span class='ocrx_word' id='word_1_50' title='bbox 260 784 401 824; x_wconf 77' lang='lat' dir='ltr'>regem</span> <span class='ocrx_word' id='word_1_51' title='bbox 434 770 707 811; x_wconf 83' lang='lat' dir='ltr'>Macedonum</span> <span class='ocrx_word' id='word_1_52' title='bbox 741 769 812 809; x_wconf 87' lang='lat' dir='ltr'>diu</span> <span class='ocrx_word' id='word_1_53' title='bbox 840 767 1145 822; x_wconf 80' lang='lat' dir='ltr'>prohibuerant,</span> <span class='ocrx_word' id='word_1_54' title='bbox 1178 779 1228 808; x_wconf 90' lang='lat' dir='ltr'>ne</span> <span class='ocrx_word' id='word_1_55' title='bbox 1251 766 1427 807; x_wconf 82' lang='lat' dir='ltr'>Graecia</span> <span class='ocrx_word' id='word_1_56' title='bbox 1458 768 1670 821; x_wconf 88' lang='lat' dir='ltr'>potiretur,</span> <span class='ocrx_word' id='word_1_57' title='bbox 1701 779 1778 809; x_wconf 87' lang='lat' dir='ltr'>nec</span> 
     </span>
     <span class='ocr_line' id='line_1_9' title="bbox 261 839 1779 897; baseline -0.002 -13"><span class='ocrx_word' id='word_1_58' title='bbox 261 856 344 896; x_wconf 81' lang='lat' dir='ltr'>eae,</span> <span class='ocrx_word' id='word_1_59' title='bbox 376 855 481 897; x_wconf 84' lang='lat' dir='ltr'>quae</span> <span class='ocrx_word' id='word_1_60' title='bbox 514 842 613 883; x_wconf 91' lang='lat' dir='ltr'>olim</span> <span class='ocrx_word' id='word_1_61' title='bbox 646 842 917 896; x_wconf 82' lang='lat' dir='ltr'>principatum</span> <span class='ocrx_word' id='word_1_62' title='bbox 950 840 1058 880; x_wconf 90' lang='lat' dir='ltr'>inter</span> <span class='ocrx_word' id='word_1_63' title='bbox 1087 852 1259 894; x_wconf 87' lang='lat' dir='ltr'>graecas</span> <span class='ocrx_word' id='word_1_64' title='bbox 1291 839 1482 880; x_wconf 82' lang='lat' dir='ltr'>civitates</span> <span class='ocrx_word' id='word_1_65' title='bbox 1510 839 1779 881; x_wconf 84' lang='lat' dir='ltr'>obtinuerant</span> 
     </span>
     <span class='ocr_line' id='line_1_10' title="bbox 260 911 1776 969; baseline -0.003 -13"><span class='ocrx_word' id='word_1_66' title='bbox 260 916 462 969; x_wconf 87' lang='lat' dir='ltr'>cuiusque</span> <span class='ocrx_word' id='word_1_67' title='bbox 493 915 644 955; x_wconf 85' lang='lat' dir='ltr'>classes</span> <span class='ocrx_word' id='word_1_68' title='bbox 676 914 768 954; x_wconf 91' lang='lat' dir='ltr'>aliis</span> <span class='ocrx_word' id='word_1_69' title='bbox 792 912 1028 953; x_wconf 89' lang='lat' dir='ltr'>nationibus</span> <span class='ocrx_word' id='word_1_70' title='bbox 1047 912 1332 952; x_wconf 89' lang='lat' dir='ltr'>auctoritatem</span> <span class='ocrx_word' id='word_1_71' title='bbox 1366 923 1482 951; x_wconf 87' lang='lat' dir='ltr'>suam</span> <span class='ocrx_word' id='word_1_72' title='bbox 1511 911 1776 966; x_wconf 83' lang='lat' dir='ltr'>interponere</span> 
     </span>
     <span class='ocr_line' id='line_1_11' title="bbox 259 983 1777 1040; baseline -0.002 -11"><span class='ocrx_word' id='word_1_73' title='bbox 259 989 401 1029; x_wconf 90' lang='lat' dir='ltr'>solitae</span> <span class='ocrx_word' id='word_1_74' title='bbox 433 992 560 1040; x_wconf 88' lang='lat' dir='ltr'>erant,</span> <span class='ocrx_word' id='word_1_75' title='bbox 592 987 662 1028; x_wconf 87' lang='lat' dir='ltr'>sed</span> <span class='ocrx_word' id='word_1_76' title='bbox 696 986 918 1027; x_wconf 84' lang='lat' dir='ltr'>laudantur</span> <span class='ocrx_word' id='word_1_77' title='bbox 949 984 1234 1025; x_wconf 87' lang='lat' dir='ltr'>tantummodo</span> <span class='ocrx_word' id='word_1_78' title='bbox 1267 987 1313 1024; x_wconf 88' lang='lat' dir='ltr'>ut</span> <span class='ocrx_word' id='word_1_79' title='bbox 1343 984 1463 1025; x_wconf 89' lang='lat' dir='ltr'>sedes</span> <span class='ocrx_word' id='word_1_80' title='bbox 1485 983 1703 1026; x_wconf 86' lang='lat' dir='ltr'>Musarum</span> <span class='ocrx_word' id='word_1_81' title='bbox 1735 987 1777 1026; x_wconf 93' lang='lat' dir='ltr'>et</span> 
     </span>
     <span class='ocr_line' id='line_1_12' title="bbox 259 1055 1772 1110; baseline -0.003 -9"><span class='ocrx_word' id='word_1_82' title='bbox 259 1061 440 1102; x_wconf 89' lang='lat' dir='ltr'>nutrices</span> <span class='ocrx_word' id='word_1_83' title='bbox 458 1059 666 1101; x_wconf 85' lang='lat' dir='ltr'>Graeciae.</span> <span class='ocrx_word' id='word_1_84' title='bbox 714 1058 859 1098; x_wconf 80' lang='lat' dir='ltr'>Virtus</span> <span class='ocrx_word' id='word_1_85' title='bbox 891 1056 1064 1097; x_wconf 89' lang='lat' dir='ltr'>habetur</span> <span class='ocrx_word' id='word_1_86' title='bbox 1095 1069 1177 1096; x_wconf 87' lang='lat' dir='ltr'>non</span> <span class='ocrx_word' id='word_1_87' title='bbox 1209 1068 1296 1096; x_wconf 90' lang='lat' dir='ltr'>rem</span> <span class='ocrx_word' id='word_1_88' title='bbox 1318 1055 1526 1110; x_wconf 85' lang='lat' dir='ltr'>publicam</span> <span class='ocrx_word' id='word_1_89' title='bbox 1559 1059 1772 1108; x_wconf 86' lang='lat' dir='ltr'>potentem</span> 
     </span>
     <span class='ocr_line' id='line_1_13' title="bbox 261 1129 1777 1184; baseline -0.002 -10"><span class='ocrx_word' id='word_1_90' title='bbox 261 1133 445 1183; x_wconf 89' lang='lat' dir='ltr'>reddere,</span> <span class='ocrx_word' id='word_1_91' title='bbox 479 1145 622 1173; x_wconf 86' lang='lat' dir='ltr'>verum</span> <span class='ocrx_word' id='word_1_92' title='bbox 655 1143 803 1184; x_wconf 85' lang='lat' dir='ltr'>agrum</span> <span class='ocrx_word' id='word_1_93' title='bbox 836 1130 969 1169; x_wconf 77' lang='lat' dir='ltr'>colere</span> <span class='ocrx_word' id='word_1_94' title='bbox 1000 1132 1124 1182; x_wconf 89' lang='lat' dir='ltr'>atque</span> <span class='ocrx_word' id='word_1_95' title='bbox 1157 1141 1275 1169; x_wconf 88' lang='lat' dir='ltr'>suam</span> <span class='ocrx_word' id='word_1_96' title='bbox 1306 1140 1392 1169; x_wconf 89' lang='lat' dir='ltr'>rem</span> <span class='ocrx_word' id='word_1_97' title='bbox 1425 1141 1594 1183; x_wconf 86' lang='lat' dir='ltr'>augere,</span> <span class='ocrx_word' id='word_1_98' title='bbox 1634 1129 1777 1183; x_wconf 89' lang='lat' dir='ltr'>itaque</span> 
     </span>
     <span class='ocr_line' id='line_1_14' title="bbox 256 1200 1773 1256; baseline -0.002 -11"><span class='ocrx_word' id='word_1_99' title='bbox 256 1217 375 1246; x_wconf 89' lang='lat' dir='ltr'>senes</span> <span class='ocrx_word' id='word_1_100' title='bbox 407 1204 662 1244; x_wconf 86' lang='lat' dir='ltr'>inducuntur</span> <span class='ocrx_word' id='word_1_101' title='bbox 692 1205 876 1256; x_wconf 82' lang='lat' dir='ltr'>agrestes</span> <span class='ocrx_word' id='word_1_102' title='bbox 907 1200 1018 1255; x_wconf 86' lang='lat' dir='ltr'>parci</span> <span class='ocrx_word' id='word_1_103' title='bbox 1048 1201 1213 1253; x_wconf 89' lang='lat' dir='ltr'>morosi,</span> <span class='ocrx_word' id='word_1_104' title='bbox 1245 1200 1534 1241; x_wconf 86' lang='lat' dir='ltr'>adulescentes</span> <span class='ocrx_word' id='word_1_105' title='bbox 1558 1213 1655 1242; x_wconf 79' lang='lat' dir='ltr'>vero</span> <span class='ocrx_word' id='word_1_106' title='bbox 1685 1201 1773 1243; x_wconf 89' lang='lat' dir='ltr'>fere</span> 
     </span>
     <span class='ocr_line' id='line_1_15' title="bbox 256 1271 1775 1328; baseline -0.003 -11"><span class='ocrx_word' id='word_1_107' title='bbox 256 1290 336 1318; x_wconf 89' lang='lat' dir='ltr'>non</span> <span class='ocrx_word' id='word_1_108' title='bbox 369 1275 560 1317; x_wconf 89' lang='lat' dir='ltr'>virilibus</span> <span class='ocrx_word' id='word_1_109' title='bbox 590 1275 774 1328; x_wconf 87' lang='lat' dir='ltr'>ingeniis</span> <span class='ocrx_word' id='word_1_110' title='bbox 805 1273 1013 1325; x_wconf 84' lang='lat' dir='ltr'>insignes,</span> <span class='ocrx_word' id='word_1_111' title='bbox 1058 1284 1203 1312; x_wconf 87' lang='lat' dir='ltr'>verum</span> <span class='ocrx_word' id='word_1_112' title='bbox 1253 1271 1447 1313; x_wconf 78' lang='lat' dir='ltr'>luxuriae</span> <span class='ocrx_word' id='word_1_113' title='bbox 1479 1271 1775 1326; x_wconf 85' lang='lat' dir='ltr'>amoribusque</span> 
     </span>
     <span class='ocr_line' id='line_1_16' title="bbox 256 1344 1772 1402; baseline -0.003 -12"><span class='ocrx_word' id='word_1_114' title='bbox 256 1349 383 1390; x_wconf 88' lang='lat' dir='ltr'>dediti</span> <span class='ocrx_word' id='word_1_115' title='bbox 415 1352 538 1402; x_wconf 87' lang='lat' dir='ltr'>atque</span> <span class='ocrx_word' id='word_1_116' title='bbox 569 1347 619 1388; x_wconf 89' lang='lat' dir='ltr'>ab</span> <span class='ocrx_word' id='word_1_117' title='bbox 651 1347 777 1387; x_wconf 88' lang='lat' dir='ltr'>armis</span> <span class='ocrx_word' id='word_1_118' title='bbox 808 1346 1094 1397; x_wconf 77' lang='lat' dir='ltr'>abhorrentes,</span> <span class='ocrx_word' id='word_1_119' title='bbox 1136 1345 1217 1385; x_wconf 90' lang='lat' dir='ltr'>nisi</span> <span class='ocrx_word' id='word_1_120' title='bbox 1248 1344 1297 1384; x_wconf 89' lang='lat' dir='ltr'>ad</span> <span class='ocrx_word' id='word_1_121' title='bbox 1340 1357 1547 1385; x_wconf 88' lang='lat' dir='ltr'>summam</span> <span class='ocrx_word' id='word_1_122' title='bbox 1587 1345 1772 1398; x_wconf 87' lang='lat' dir='ltr'>inopiam</span> 
     </span>
     <span class='ocr_line' id='line_1_17' title="bbox 256 1416 1772 1472; baseline -0.003 -10"><span class='ocrx_word' id='word_1_123' title='bbox 256 1421 409 1462; x_wconf 85' lang='lat' dir='ltr'>redacti</span> <span class='ocrx_word' id='word_1_124' title='bbox 441 1424 548 1461; x_wconf 89' lang='lat' dir='ltr'>sunt.</span> <span class='ocrx_word' id='word_1_125' title='bbox 611 1420 749 1460; x_wconf 72' lang='lat' dir='ltr'>Altera</span> <span class='ocrx_word' id='word_1_126' title='bbox 781 1431 833 1459; x_wconf 82' lang='lat' dir='ltr'>ex</span> <span class='ocrx_word' id='word_1_127' title='bbox 865 1422 977 1472; x_wconf 88' lang='lat' dir='ltr'>parte</span> <span class='ocrx_word' id='word_1_128' title='bbox 1008 1429 1056 1458; x_wconf 85' lang='lat' dir='ltr'>ea</span> <span class='ocrx_word' id='word_1_129' title='bbox 1088 1421 1273 1470; x_wconf 83' lang='lat' dir='ltr'>tempora</span> <span class='ocrx_word' id='word_1_130' title='bbox 1304 1416 1575 1467; x_wconf 74' lang='lat' dir='ltr'>illustrantur,</span> <span class='ocrx_word' id='word_1_131' title='bbox 1618 1417 1772 1471; x_wconf 88' lang='lat' dir='ltr'>quibus</span> 
     </span>
     <span class='ocr_line' id='line_1_18' title="bbox 255 1489 1773 1545; baseline -0.003 -11"><span class='ocrx_word' id='word_1_132' title='bbox 255 1493 507 1534; x_wconf 85' lang='lat' dir='ltr'>clarissimae</span> <span class='ocrx_word' id='word_1_133' title='bbox 539 1496 833 1545; x_wconf 86' lang='lat' dir='ltr'>aeternamque</span> <span class='ocrx_word' id='word_1_134' title='bbox 864 1489 1039 1543; x_wconf 80' lang='lat' dir='ltr'>gloriam</span> <span class='ocrx_word' id='word_1_135' title='bbox 1086 1489 1334 1543; x_wconf 87' lang='lat' dir='ltr'>praebentes</span> <span class='ocrx_word' id='word_1_136' title='bbox 1373 1501 1440 1529; x_wconf 93' lang='lat' dir='ltr'>res</span> <span class='ocrx_word' id='word_1_137' title='bbox 1479 1493 1622 1543; x_wconf 85' lang='lat' dir='ltr'>gestae</span> <span class='ocrx_word' id='word_1_138' title='bbox 1654 1493 1773 1530; x_wconf 90' lang='lat' dir='ltr'>erant</span> 
     </span>
     <span class='ocr_line' id='line_1_19' title="bbox 255 1561 1772 1620; baseline -0.003 -12"><span class='ocrx_word' id='word_1_139' title='bbox 255 1571 295 1608; x_wconf 85' lang='lat' dir='ltr'>et</span> <span class='ocrx_word' id='word_1_140' title='bbox 335 1566 607 1620; x_wconf 68' lang='lat' dir='ltr'>gerebantur,</span> <span class='ocrx_word' id='word_1_141' title='bbox 647 1578 721 1605; x_wconf 84' lang='lat' dir='ltr'>sua</span> <span class='ocrx_word' id='word_1_142' title='bbox 767 1564 943 1617; x_wconf 87' lang='lat' dir='ltr'>quisque</span> <span class='ocrx_word' id='word_1_143' title='bbox 986 1562 1139 1603; x_wconf 85' lang='lat' dir='ltr'>virtute</span> <span class='ocrx_word' id='word_1_144' title='bbox 1181 1561 1390 1602; x_wconf 85' lang='lat' dir='ltr'>confidere</span> <span class='ocrx_word' id='word_1_145' title='bbox 1432 1561 1640 1615; x_wconf 86' lang='lat' dir='ltr'>discebat,</span> <span class='ocrx_word' id='word_1_146' title='bbox 1679 1562 1772 1603; x_wconf 87' lang='lat' dir='ltr'>laus</span> 
     </span>
     <span class='ocr_line' id='line_1_20' title="bbox 254 1633 1770 1688; baseline -0.003 -9"><span class='ocrx_word' id='word_1_147' title='bbox 254 1639 403 1680; x_wconf 87' lang='lat' dir='ltr'>bellica</span> <span class='ocrx_word' id='word_1_148' title='bbox 434 1638 585 1679; x_wconf 88' lang='lat' dir='ltr'>summi</span> <span class='ocrx_word' id='word_1_149' title='bbox 617 1636 922 1678; x_wconf 86' lang='lat' dir='ltr'>aestimabatur.</span> <span class='ocrx_word' id='word_1_150' title='bbox 971 1633 1040 1676; x_wconf 81' lang='lat' dir='ltr'>Sic</span> <span class='ocrx_word' id='word_1_151' title='bbox 1073 1634 1181 1688; x_wconf 89' lang='lat' dir='ltr'>quod</span> <span class='ocrx_word' id='word_1_152' title='bbox 1207 1633 1441 1675; x_wconf 89' lang='lat' dir='ltr'>Pseudolus</span> <span class='ocrx_word' id='word_1_153' title='bbox 1473 1647 1508 1674; x_wconf 75' lang='lat' dir='ltr'>V.</span> <span class='ocrx_word' id='word_1_154' title='bbox 1532 1635 1614 1675; x_wconf 84' lang='lat'>590</span> <span class='ocrx_word' id='word_1_155' title='bbox 1647 1633 1770 1676; x_wconf 88' lang='lat' dir='ltr'>dicit:</span> 
     </span>
     <span class='ocr_line' id='line_1_21' title="bbox 254 1706 1774 1763; baseline -0.002 -12"><span class='ocrx_word' id='word_1_156' title='bbox 254 1710 319 1751; x_wconf 90' lang='lat' dir='ltr'>Eo</span> <span class='ocrx_word' id='word_1_157' title='bbox 350 1723 441 1752; x_wconf 66' lang='lat' dir='ltr'>seem</span> <span class='ocrx_word' id='word_1_158' title='bbox 469 1723 616 1763; x_wconf 64' lang='lat' dir='ltr'>{Jenerc</span> <span class='ocrx_word' id='word_1_159' title='bbox 634 1713 815 1762; x_wconf 63' lang='lat' dir='ltr'>qualus:</span> <span class='ocrx_word' id='word_1_160' title='bbox 846 1720 997 1759; x_wconf 68' lang='lat' dir='ltr'>neuqua.</span> <span class='ocrx_word' id='word_1_161' title='bbox 1028 1720 1088 1747; x_wconf 79' lang='lat' dir='ltr'>me</span> <span class='ocrx_word' id='word_1_162' title='bbox 1106 1707 1300 1758; x_wconf 78' lang='lat' dir='ltr'>facinora</span> <span class='ocrx_word' id='word_1_163' title='bbox 1323 1706 1431 1747; x_wconf 75' lang='lat' dir='ltr'>decet</span> <span class='ocrx_word' id='word_1_164' title='bbox 1452 1706 1623 1759; x_wconf 67' lang='lat' dir='ltr'>effecere,</span> <span class='ocrx_word' id='word_1_165' title='bbox 1657 1706 1774 1759; x_wconf 79' lang='lat' dir='ltr'>Quae</span> 
     </span>
     <span class='ocr_line' id='line_1_22' title="bbox 245 1777 1768 1835; baseline -0.003 -11"><span class='ocrx_word' id='word_1_166' title='bbox 245 1787 341 1835; x_wconf 74' lang='lat' dir='ltr'>post</span> <span class='ocrx_word' id='word_1_167' title='bbox 380 1782 481 1823; x_wconf 68' lang='lat' dir='ltr'>mila·</span> <span class='ocrx_word' id='word_1_168' title='bbox 522 1782 639 1823; x_wconf 77' lang='lat' dir='ltr'>clara</span> <span class='ocrx_word' id='word_1_169' title='bbox 680 1786 716 1821; x_wconf 76' lang='lat' dir='ltr'>et</span> <span class='ocrx_word' id='word_1_170' title='bbox 757 1781 828 1822; x_wconf 72' lang='lat' dir='ltr'>diu</span> <span class='ocrx_word' id='word_1_171' title='bbox 870 1780 1030 1821; x_wconf 73' lang='lat' dir='ltr'>clueant</span> <span class='ocrx_word' id='word_1_172' title='bbox 1073 1779 1136 1820; x_wconf 86' lang='lat' dir='ltr'>vel</span> <span class='ocrx_word' id='word_1_173' title='bbox 1167 1778 1318 1819; x_wconf 86' lang='lat' dir='ltr'>Tranio</span> <span class='ocrx_word' id='word_1_174' title='bbox 1358 1778 1402 1818; x_wconf 90' lang='lat' dir='ltr'>in</span> <span class='ocrx_word' id='word_1_175' title='bbox 1436 1777 1555 1819; x_wconf 89' lang='lat' dir='ltr'>Most.</span> <span class='ocrx_word' id='word_1_176' title='bbox 1589 1792 1627 1819; x_wconf 79' lang='grc' dir='ltr'>ν.</span> <span class='ocrx_word' id='word_1_177' title='bbox 1663 1780 1768 1825; x_wconf 78' lang='grc'>775;</span> 
     </span>
     <span class='ocr_line' id='line_1_23' title="bbox 251 1849 1770 1906; baseline -0.003 -10"><span class='ocrx_word' id='word_1_178' title='bbox 251 1854 548 1897; x_wconf 70' lang='lat' dir='ltr'>Alexandrum</span> <span class='ocrx_word' id='word_1_179' title='bbox 580 1853 790 1906; x_wconf 69' lang='lat' dir='ltr'>Maymcm</span> <span class='ocrx_word' id='word_1_180' title='bbox 821 1855 940 1904; x_wconf 67' lang='lat' dir='ltr'>atque</span> <span class='ocrx_word' id='word_1_181' title='bbox 971 1850 1237 1904; x_wconf 71' lang='lat' dir='ltr'>Ayatleoclem</span> <span class='ocrx_word' id='word_1_182' title='bbox 1269 1851 1393 1890; x_wconf 70' lang='lat' dir='ltr'>aium</span> <span class='ocrx_word' id='word_1_183' title='bbox 1422 1863 1644 1891; x_wconf 72' lang='lat' dir='ltr'>maxumas</span> <span class='ocrx_word' id='word_1_184' title='bbox 1671 1849 1770 1892; x_wconf 82' lang='lat' dir='ltr'>Duo</span> 
     </span>
     <span class='ocr_line' id='line_1_24' title="bbox 252 1921 1770 1981; baseline -0.003 -12"><span class='ocrx_word' id='word_1_185' title='bbox 252 1941 318 1969; x_wconf 80' lang='lat' dir='ltr'>res</span> <span class='ocrx_word' id='word_1_186' title='bbox 346 1927 543 1981; x_wconf 70' lang='lat' dir='ltr'>gyessisse,</span> <span class='ocrx_word' id='word_1_187' title='bbox 586 1925 688 1978; x_wconf 75' lang='lat' dir='ltr'>quial</span> <span class='ocrx_word' id='word_1_188' title='bbox 719 1924 820 1964; x_wconf 67' lang='lat' dir='ltr'>milei</span> <span class='ocrx_word' id='word_1_189' title='bbox 859 1925 926 1970; x_wconf 75' lang='lat' dir='ltr'>fiet</span> <span class='ocrx_word' id='word_1_190' title='bbox 966 1923 1108 1975; x_wconf 75' lang='lat' dir='ltr'>tertio,</span> <span class='ocrx_word' id='word_1_191' title='bbox 1152 1922 1233 1974; x_wconf 73' lang='lat' dir='ltr'>Qui</span> <span class='ocrx_word' id='word_1_192' title='bbox 1272 1921 1385 1963; x_wconf 75' lang='lat' dir='ltr'>solus</span> <span class='ocrx_word' id='word_1_193' title='bbox 1421 1923 1538 1975; x_wconf 79' lang='lat' dir='ltr'>facio</span> <span class='ocrx_word' id='word_1_194' title='bbox 1574 1923 1770 1975; x_wconf 74' lang='lat' dir='ltr'>facinora</span> 
     </span>
     <span class='ocr_line' id='line_1_25' title="bbox 251 1995 1769 2050; baseline -0.002 -10"><span class='ocrx_word' id='word_1_195' title='bbox 251 1998 542 2040; x_wconf 71' lang='lat' dir='ltr'>immortalia?</span> <span class='ocrx_word' id='word_1_196' title='bbox 587 1999 676 2038; x_wconf 90' lang='lat' dir='ltr'>eius</span> <span class='ocrx_word' id='word_1_197' title='bbox 715 1997 824 2037; x_wconf 89' lang='lat' dir='ltr'>modi</span> <span class='ocrx_word' id='word_1_198' title='bbox 870 2009 990 2037; x_wconf 76' lang='lat' dir='ltr'>voces</span> <span class='ocrx_word' id='word_1_199' title='bbox 1026 1995 1262 2049; x_wconf 88' lang='lat' dir='ltr'>aptissimas</span> <span class='ocrx_word' id='word_1_200' title='bbox 1302 1995 1396 2036; x_wconf 86' lang='lat' dir='ltr'>illas</span> <span class='ocrx_word' id='word_1_201' title='bbox 1436 1995 1628 2050; x_wconf 88' lang='lat' dir='ltr'>quidem,</span> <span class='ocrx_word' id='word_1_202' title='bbox 1668 1997 1703 2037; x_wconf 91' lang='lat' dir='ltr'>si</span> <span class='ocrx_word' id='word_1_203' title='bbox 1744 2009 1769 2037; x_wconf 81' lang='lat' dir='ltr'>a</span> 
     </span>
     <span class='ocr_line' id='line_1_26' title="bbox 251 2068 1767 2125; baseline -0.002 -12"><span class='ocrx_word' id='word_1_204' title='bbox 251 2072 423 2113; x_wconf 90' lang='lat' dir='ltr'>servolis</span> <span class='ocrx_word' id='word_1_205' title='bbox 446 2070 777 2125; x_wconf 85' lang='lat' dir='ltr'>pronuntiantur,</span> <span class='ocrx_word' id='word_1_206' title='bbox 808 2069 856 2109; x_wconf 90' lang='lat' dir='ltr'>ad</span> <span class='ocrx_word' id='word_1_207' title='bbox 881 2068 1167 2110; x_wconf 82' lang='lat' dir='ltr'>delectandum</span> <span class='ocrx_word' id='word_1_208' title='bbox 1204 2080 1340 2121; x_wconf 87' lang='lat' dir='ltr'>neque</span> <span class='ocrx_word' id='word_1_209' title='bbox 1360 2080 1558 2109; x_wconf 89' lang='lat' dir='ltr'>romanus</span> <span class='ocrx_word' id='word_1_210' title='bbox 1580 2081 1767 2122; x_wconf 88' lang='lat' dir='ltr'>unquam</span> 
     </span>
     <span class='ocr_line' id='line_1_27' title="bbox 250 2139 1767 2198; baseline -0.002 -13"><span class='ocrx_word' id='word_1_211' title='bbox 250 2148 369 2198; x_wconf 87' lang='lat' dir='ltr'>poeta.</span> <span class='ocrx_word' id='word_1_212' title='bbox 399 2144 557 2198; x_wconf 85' lang='lat' dir='ltr'>fingere</span> <span class='ocrx_word' id='word_1_213' title='bbox 589 2147 768 2197; x_wconf 91' lang='lat' dir='ltr'>poterat,</span> <span class='ocrx_word' id='word_1_214' title='bbox 815 2155 909 2182; x_wconf 83' lang='lat' dir='ltr'>uani</span> <span class='ocrx_word' id='word_1_215' title='bbox 955 2153 1120 2195; x_wconf 89' lang='lat' dir='ltr'>prorsus</span> <span class='ocrx_word' id='word_1_216' title='bbox 1163 2140 1388 2181; x_wconf 84' lang='lat' dir='ltr'>abhorrent</span> <span class='ocrx_word' id='word_1_217' title='bbox 1429 2154 1453 2181; x_wconf 86' lang='lat' dir='ltr'>a</span> <span class='ocrx_word' id='word_1_218' title='bbox 1485 2139 1767 2182; x_wconf 88' lang='lat' dir='ltr'>Romanorum</span> 
     </span>
     <span class='ocr_line' id='line_1_28' title="bbox 250 2209 1766 2268; baseline -0.001 -14"><span class='ocrx_word' id='word_1_219' title='bbox 250 2214 444 2268; x_wconf 72' lang='lat' dir='ltr'>ingenio,</span> <span class='ocrx_word' id='word_1_220' title='bbox 487 2226 563 2254; x_wconf 90' lang='lat' dir='ltr'>nec</span> <span class='ocrx_word' id='word_1_221' title='bbox 593 2211 712 2253; x_wconf 89' lang='lat' dir='ltr'>facile</span> <span class='ocrx_word' id='word_1_222' title='bbox 743 2224 938 2266; x_wconf 77' lang='lat' dir='ltr'>graecus,</span> <span class='ocrx_word' id='word_1_223' title='bbox 970 2211 1134 2252; x_wconf 90' lang='lat' dir='ltr'>etiamsi</span> <span class='ocrx_word' id='word_1_224' title='bbox 1167 2209 1403 2250; x_wconf 82' lang='lat' dir='ltr'>Alexandri</span> <span class='ocrx_word' id='word_1_225' title='bbox 1435 2210 1766 2265; x_wconf 86' lang='lat' dir='ltr'>Agathoclisque</span> 
     </span>
     <span class='ocr_line' id='line_1_29' title="bbox 250 2284 1257 2339; baseline -0.004 -13"><span class='ocrx_word' id='word_1_226' title='bbox 250 2287 420 2326; x_wconf 89' lang='lat' dir='ltr'>nomina</span> <span class='ocrx_word' id='word_1_227' title='bbox 451 2285 727 2339; x_wconf 79' lang='lat' dir='ltr'>neglegimus,</span> <span class='ocrx_word' id='word_1_228' title='bbox 759 2288 853 2325; x_wconf 90' lang='lat' dir='ltr'>ante</span> <span class='ocrx_word' id='word_1_229' title='bbox 884 2284 1030 2324; x_wconf 84' lang='lat' dir='ltr'>horum</span> <span class='ocrx_word' id='word_1_230' title='bbox 1062 2286 1257 2337; x_wconf 88' lang='lat' dir='ltr'>tempora.</span> 
     </span>
    </p>

    <p class='ocr_par' dir='ltr' id='par_1_3' title="bbox 245 2352 1767 2987">
     <span class='ocr_line' id='line_1_30' title="bbox 364 2352 1764 2409; baseline -0.002 -10"><span class='ocrx_word' id='word_1_231' title='bbox 364 2358 480 2399; x_wconf 88' lang='lat' dir='ltr'>Idem</span> <span class='ocrx_word' id='word_1_232' title='bbox 511 2357 775 2399; x_wconf 89' lang='lat' dir='ltr'>statuendum</span> <span class='ocrx_word' id='word_1_233' title='bbox 807 2360 868 2397; x_wconf 90' lang='lat' dir='ltr'>est</span> <span class='ocrx_word' id='word_1_234' title='bbox 911 2357 960 2396; x_wconf 88' lang='lat' dir='ltr'>de</span> <span class='ocrx_word' id='word_1_235' title='bbox 993 2355 1196 2395; x_wconf 88' lang='lat' dir='ltr'>militibus</span> <span class='ocrx_word' id='word_1_236' title='bbox 1227 2354 1435 2409; x_wconf 87' lang='lat' dir='ltr'>gloriosis.</span> <span class='ocrx_word' id='word_1_237' title='bbox 1497 2352 1579 2402; x_wconf 80' lang='lat' dir='ltr'>Qui</span> <span class='ocrx_word' id='word_1_238' title='bbox 1624 2358 1669 2396; x_wconf 90' lang='lat' dir='ltr'>ut</span> <span class='ocrx_word' id='word_1_239' title='bbox 1710 2367 1764 2397; x_wconf 89' lang='lat' dir='ltr'>ne</span> 
     </span>
     <span class='ocr_line' id='line_1_31' title="bbox 249 2426 1764 2484; baseline -0.002 -13"><span class='ocrx_word' id='word_1_240' title='bbox 249 2444 272 2471; x_wconf 90' lang='lat' dir='ltr'>a</span> <span class='ocrx_word' id='word_1_241' title='bbox 303 2430 438 2471; x_wconf 89' lang='lat' dir='ltr'>media</span> <span class='ocrx_word' id='word_1_242' title='bbox 472 2430 639 2484; x_wconf 86' lang='lat' dir='ltr'>quidem</span> <span class='ocrx_word' id='word_1_243' title='bbox 671 2429 884 2469; x_wconf 86' lang='lat' dir='ltr'>comoedia</span> <span class='ocrx_word' id='word_1_244' title='bbox 929 2428 1055 2469; x_wconf 90' lang='lat' dir='ltr'>alieni</span> <span class='ocrx_word' id='word_1_245' title='bbox 1097 2428 1155 2468; x_wconf 85' lang='lat' dir='ltr'>ita</span> <span class='ocrx_word' id='word_1_246' title='bbox 1185 2426 1446 2468; x_wconf 88' lang='lat' dir='ltr'>celeberrimi</span> <span class='ocrx_word' id='word_1_247' title='bbox 1476 2426 1648 2468; x_wconf 88' lang='lat' dir='ltr'>fuerunt</span> <span class='ocrx_word' id='word_1_248' title='bbox 1676 2426 1764 2468; x_wconf 91' lang='lat' dir='ltr'>Me-</span> 
     </span>
     <span class='ocr_line' id='line_1_32' title="bbox 250 2498 1764 2554; baseline -0.001 -12"><span class='ocrx_word' id='word_1_249' title='bbox 250 2503 397 2542; x_wconf 86' lang='lat' dir='ltr'>nandri</span> <span class='ocrx_word' id='word_1_250' title='bbox 430 2506 560 2543; x_wconf 91' lang='lat' dir='ltr'>aetate</span> <span class='ocrx_word' id='word_1_251' title='bbox 593 2505 632 2542; x_wconf 89' lang='grc'>01</span> <span class='ocrx_word' id='word_1_252' title='bbox 674 2501 723 2541; x_wconf 89' lang='lat' dir='ltr'>ab</span> <span class='ocrx_word' id='word_1_253' title='bbox 756 2501 833 2541; x_wconf 89' lang='lat' dir='ltr'>hoc</span> <span class='ocrx_word' id='word_1_254' title='bbox 869 2502 956 2554; x_wconf 86' lang='lat' dir='ltr'>ipso</span> <span class='ocrx_word' id='word_1_255' title='bbox 989 2500 1177 2542; x_wconf 88' lang='lat' dir='ltr'>omnium</span> <span class='ocrx_word' id='word_1_256' title='bbox 1210 2498 1394 2539; x_wconf 81' lang='lat' dir='ltr'>maxime</span> <span class='ocrx_word' id='word_1_257' title='bbox 1426 2499 1653 2540; x_wconf 90' lang='lat' dir='ltr'>comoediis</span> <span class='ocrx_word' id='word_1_258' title='bbox 1692 2499 1764 2540; x_wconf 91' lang='lat' dir='ltr'>ad-</span> 
     </span>
     <span class='ocr_line' id='line_1_33' title="bbox 248 2570 1766 2627; baseline -0.001 -12"><span class='ocrx_word' id='word_1_259' title='bbox 248 2574 365 2615; x_wconf 87' lang='lat' dir='ltr'>hibiti</span> <span class='ocrx_word' id='word_1_260' title='bbox 414 2579 520 2615; x_wconf 93' lang='lat' dir='ltr'>sunt.</span> <span class='ocrx_word' id='word_1_261' title='bbox 596 2573 682 2614; x_wconf 82' lang='lat' dir='ltr'>Nec</span> <span class='ocrx_word' id='word_1_262' title='bbox 728 2574 928 2613; x_wconf 87' lang='lat' dir='ltr'>miramur</span> <span class='ocrx_word' id='word_1_263' title='bbox 978 2573 1044 2614; x_wconf 89' lang='lat' dir='ltr'>his</span> <span class='ocrx_word' id='word_1_264' title='bbox 1089 2572 1351 2627; x_wconf 87' lang='lat' dir='ltr'>potissimum</span> <span class='ocrx_word' id='word_1_265' title='bbox 1393 2570 1650 2625; x_wconf 85' lang='lat' dir='ltr'>temporibus</span> <span class='ocrx_word' id='word_1_266' title='bbox 1695 2584 1766 2613; x_wconf 91' lang='lat' dir='ltr'>eos</span> 
     </span>
     <span class='ocr_line' id='line_1_34' title="bbox 248 2641 1764 2700; baseline -0.001 -13"><span class='ocrx_word' id='word_1_267' title='bbox 248 2648 476 2700; x_wconf 80' lang='lat' dir='ltr'>exstitisse,</span> <span class='ocrx_word' id='word_1_268' title='bbox 518 2650 839 2687; x_wconf 77' lang='lat' dir='ltr'>consentaneum</span> <span class='ocrx_word' id='word_1_269' title='bbox 887 2647 997 2686; x_wconf 89' lang='lat' dir='ltr'>enim</span> <span class='ocrx_word' id='word_1_270' title='bbox 1045 2650 1108 2687; x_wconf 90' lang='lat' dir='ltr'>est</span> <span class='ocrx_word' id='word_1_271' title='bbox 1149 2643 1384 2685; x_wconf 83' lang='lat' dir='ltr'>Alexandri</span> <span class='ocrx_word' id='word_1_272' title='bbox 1423 2641 1569 2697; x_wconf 84' lang='lat' dir='ltr'>Magni</span> <span class='ocrx_word' id='word_1_273' title='bbox 1623 2656 1764 2685; x_wconf 89' lang='lat' dir='ltr'>rerum</span> 
     </span>
     <span class='ocr_line' id='line_1_35' title="bbox 246 2714 1764 2772; baseline -0.001 -13"><span class='ocrx_word' id='word_1_274' title='bbox 246 2720 445 2760; x_wconf 87' lang='lat' dir='ltr'>memoria</span> <span class='ocrx_word' id='word_1_275' title='bbox 475 2719 541 2759; x_wconf 73' lang='lat' dir='ltr'>vel</span> <span class='ocrx_word' id='word_1_276' title='bbox 574 2719 716 2772; x_wconf 87' lang='lat' dir='ltr'>paucis</span> <span class='ocrx_word' id='word_1_277' title='bbox 748 2722 837 2772; x_wconf 87' lang='lat' dir='ltr'>post</span> <span class='ocrx_word' id='word_1_278' title='bbox 866 2718 987 2760; x_wconf 86' lang='lat' dir='ltr'>annis</span> <span class='ocrx_word' id='word_1_279' title='bbox 1016 2718 1205 2759; x_wconf 87' lang='lat' dir='ltr'>fabulose</span> <span class='ocrx_word' id='word_1_280' title='bbox 1237 2719 1453 2757; x_wconf 89' lang='lat' dir='ltr'>auctarum</span> <span class='ocrx_word' id='word_1_281' title='bbox 1484 2714 1641 2756; x_wconf 86' lang='lat' dir='ltr'>milites</span> <span class='ocrx_word' id='word_1_282' title='bbox 1672 2716 1764 2758; x_wconf 90' lang='lat' dir='ltr'>eius</span> 
     </span>
     <span class='ocr_line' id='line_1_36' title="bbox 246 2786 1767 2845; baseline -0.003 -13"><span class='ocrx_word' id='word_1_283' title='bbox 246 2803 294 2832; x_wconf 84' lang='lat' dir='ltr'>eo</span> <span class='ocrx_word' id='word_1_284' title='bbox 325 2791 543 2845; x_wconf 88' lang='lat' dir='ltr'>perductos</span> <span class='ocrx_word' id='word_1_285' title='bbox 587 2802 698 2842; x_wconf 87' lang='lat' dir='ltr'>esse,</span> <span class='ocrx_word' id='word_1_286' title='bbox 739 2793 783 2829; x_wconf 88' lang='lat' dir='ltr'>ut</span> <span class='ocrx_word' id='word_1_287' title='bbox 824 2794 894 2830; x_wconf 90' lang='lat' dir='ltr'>aut</span> <span class='ocrx_word' id='word_1_288' title='bbox 937 2802 1043 2844; x_wconf 87' lang='lat' dir='ltr'>quae</span> <span class='ocrx_word' id='word_1_289' title='bbox 1090 2802 1135 2831; x_wconf 89' lang='lat' dir='ltr'>re</span> <span class='ocrx_word' id='word_1_290' title='bbox 1178 2801 1277 2829; x_wconf 82' lang='lat' dir='ltr'>vera</span> <span class='ocrx_word' id='word_1_291' title='bbox 1306 2786 1518 2841; x_wconf 86' lang='lat' dir='ltr'>praeclare</span> <span class='ocrx_word' id='word_1_292' title='bbox 1547 2790 1767 2842; x_wconf 85' lang='lat' dir='ltr'>gesserant</span> 
     </span>
     <span class='ocr_line' id='line_1_37' title="bbox 245 2859 1764 2916; baseline -0.001 -13"><span class='ocrx_word' id='word_1_293' title='bbox 245 2875 411 2916; x_wconf 80' lang='lat' dir='ltr'>semper</span> <span class='ocrx_word' id='word_1_294' title='bbox 447 2863 668 2913; x_wconf 81' lang='lat' dir='ltr'>iactarent,</span> <span class='ocrx_word' id='word_1_295' title='bbox 710 2874 830 2915; x_wconf 85' lang='lat' dir='ltr'>saepe</span> <span class='ocrx_word' id='word_1_296' title='bbox 870 2862 911 2901; x_wconf 89' lang='grc'>111</span> <span class='ocrx_word' id='word_1_297' title='bbox 954 2863 1090 2905; x_wconf 88' lang='lat' dir='ltr'>maius</span> <span class='ocrx_word' id='word_1_298' title='bbox 1129 2860 1401 2912; x_wconf 88' lang='lat' dir='ltr'>extollerent,</span> <span class='ocrx_word' id='word_1_299' title='bbox 1443 2862 1516 2900; x_wconf 89' lang='lat' dir='ltr'>aut</span> <span class='ocrx_word' id='word_1_300' title='bbox 1559 2871 1666 2914; x_wconf 85' lang='lat' dir='ltr'>quae</span> <span class='ocrx_word' id='word_1_301' title='bbox 1711 2859 1764 2901; x_wconf 87' lang='lat' dir='ltr'>ab</span> 
     </span>
     <span class='ocr_line' id='line_1_38' title="bbox 245 2931 1762 2987; baseline -0.001 -12"><span class='ocrx_word' id='word_1_302' title='bbox 245 2935 338 2975; x_wconf 88' lang='lat' dir='ltr'>aliis</span> <span class='ocrx_word' id='word_1_303' title='bbox 370 2934 434 2975; x_wconf 79' lang='lat' dir='ltr'>vel</span> <span class='ocrx_word' id='word_1_304' title='bbox 467 2948 489 2975; x_wconf 89' lang='lat' dir='ltr'>a</span> <span class='ocrx_word' id='word_1_305' title='bbox 522 2935 686 2974; x_wconf 84' lang='lat' dir='ltr'>nemine</span> <span class='ocrx_word' id='word_1_306' title='bbox 707 2947 889 2987; x_wconf 81' lang='lat' dir='ltr'>unquam</span> <span class='ocrx_word' id='word_1_307' title='bbox 922 2936 1029 2976; x_wconf 81' lang='lat' dir='ltr'>facta</span> <span class='ocrx_word' id='word_1_308' title='bbox 1047 2937 1166 2976; x_wconf 83' lang='lat' dir='ltr'>erant</span> <span class='ocrx_word' id='word_1_309' title='bbox 1195 2932 1276 2974; x_wconf 89' lang='lat' dir='ltr'>sibi</span> <span class='ocrx_word' id='word_1_310' title='bbox 1298 2932 1569 2972; x_wconf 70' lang='lat' dir='ltr'>vindicarent„</span> <span class='ocrx_word' id='word_1_311' title='bbox 1615 2931 1762 2986; x_wconf 77' lang='lat' dir='ltr'>Itaque</span> 
     </span>
    </p>
   </div>
   <div class='ocr_carea' id='block_1_3' title="bbox 1979 3009 2023 3299">
    <p class='ocr_par' dir='ltr' id='par_1_4' title="bbox 1979 3009 2023 3299">
     <span class='ocr_line' id='line_1_39' title="bbox 1979 3009 2023 3299; baseline 0 0"><span class='ocrx_word' id='word_1_312' title='bbox 1979 3009 2023 3299; x_wconf 95' lang='lat' dir='ltr'> </span> 
     </span>
    </p>
   </div>
  </div>
 </body>
</html>
