1988 3273
940 186 993 221 Ἦ)

940 215 981 225 ..ι

210 299 478 343 Menandreis
508 299 713 340 militibus
753 301 991 342 communia
1034 302 1176 349 habet;
1221 301 1262 342 id
1307 316 1434 343 unum
1477 307 1634 345 certum
1669 305 1726 345 vi-

210 372 332 416 detur
374 384 470 413 eum
526 373 634 412 iuter
680 372 926 426 posteriores
974 387 1103 416 novae
1152 375 1391 415 comoediae
1440 376 1592 417 milites
1638 390 1751 419 csse*

210 443 527 486 numerandum.

327 513 443 565 Quae
475 527 569 555 cuni
615 516 672 555 ita
703 528 746 556 sc
779 515 966 561 habeant.
996 523 1152 559 eeteros
1169 517 1348 576 §eleuci
1380 531 1509 559 annos
1542 521 1731 562 conside-

212 600 364 630 remus.
424 586 519 629 Non
551 586 763 641 probabile
796 588 902 629 duco
934 603 966 629 a.
1000 592 1080 630 252
1116 590 1178 631 vel
1213 591 1292 630 251
1329 591 1537 645 intellegi,
1571 606 1651 645 quo
1695 594 1730 634 is

215 664 360 703 contra
378 659 675 713 Lysimachum
700 660 925 701 dimicavit.
970 666 1229 716 Quamquam
1258 675 1336 702 non
1359 664 1589 716 presscrim,
1621 664 1729 718 quod

210 732 542 775 Atheniensibus
600 745 706 786 quae
743 736 830 773 tum
869 746 962 774 cum
1005 734 1164 775 Aetolis
1200 748 1266 775 res
1304 735 1426 776 suerit
1468 736 1504 787 ig
1497 749 1730 787 noi-amus;

210 803 284 846 sed
302 802 459 877 Ephesi
483 803 663 843 latrones
694 806 737 843 ut
768 802 848 843 sibi
880 816 968 843 con
975 804 1212 865 lucer-entur
1231 804 1429 845 Solemus
1462 818 1541 845 non
1575 811 1689 859 potc1
1691 811 1731 847 at

210 889 381 943 curare,
426 875 525 916 dum
571 875 669 916 urbs
709 876 751 915 in
794 874 1030 928 Iss23simiel1i
1076 880 1274 931 potestate
1319 881 1429 920 mat:
1475 892 1729 938 quamquam

212 952 351 991 autem
385 948 429 988 in
453 960 501 989 eo
533 948 622 1002 ipso
655 947 763 988 bello
795 948 846 988 ad
879 948 995 988 illum
1029 949 1189 1002 defecit,
1221 953 1355 989 tamen
1379 948 1754 1004 P31gopol3‘nices'

210 1022 295 1064 iam
317 1020 579 1076 aliquantum
602 1021 801 1074 temporis
823 1020 881 1061 ibi
905 1021 1068 1075 degisse
1091 1022 1324 1063 censendus
1346 1027 1416 1063 est.
1462 1022 1547 1062 Vix
1581 1023 1731 1064 deinde

210 1107 314 1149 opus
345 1097 408 1136 est
437 1105 607 1134 monere
640 1093 679 1134 ei
711 1106 878 1147 quoque
909 1093 1201 1153 belloi-2950
1234 1094 1453 1135 adversum
1492 1109 1592 1136 csse.
1654 1096 1730 1137 Rc-

210 1167 353 1222 liquus
398 1167 571 1233 igiturh
575 1169 637 1207 est
679 1179 712 1207 a.
745 1167 852 1219 287,
909 1170 1032 1221 atquc
1076 1180 1123 1208 eo
1165 1166 1392 1208 Alazonem
1437 1168 1596 1208 doctam
1641 1181 1730 1209 esse

210 1238 396 1296 profecto
428 1239 516 1280 veri
524 1218 807 1279 simillimum
842 1239 957 1292 est*).
1018 1222 1283 1281 Naris—liieme
1315 1253 1347 1280 a.
1380 1241 1462 1280 ‘288
1495 1240 1732 1282 Demetrius

211 1311 468 1354 Poliorcetes
489 1314 571 1352 tam
594 1311 789 1366 ingentes
810 1312 948 1366 copias
971 1313 1118 1366 coegit,
1151 1316 1196 1354 ut
1217 1298 1371 1353 bellum
1404 1317 1544 1353 contra
1575 1298 1731 1354 ceteros
1748 1332 1758 1352 s

213 1372 336 1440 reges
374 1385 511 1439 parari
562 1384 774 1425 neminem
826 1384 971 1438 fugere
1023 1374 1211 1439 potuerit.
1281 1385 1384 1425 Tum
1436 1386 1566 1439 igitur
1611 1385 1731 1426 facile

213 1457 416 1522 Seleucus
446 1456 602 1498 milites
633 1455 895 1498 conscribere
913 1460 1084 1511 poterat
1088 1457 1187 1521 qui
1209 1469 1384 1511 regnum
1408 1470 1530 1497 suum
1553 1461 1733 1498 tutaren-

212 1535 292 1586 tur,
322 1530 513 1598 Ephesus
534 1529 773 1583 Lysimachi
794 1530 970 1585 imperio
1002 1529 1218 1571 tenebatur
1247 1542 1342 1570 cum
1373 1528 1545 1570 Seleuco
1576 1530 1732 1581 sociati

210 1604 332 1646 miles
363 1615 460 1645 vero
492 1602 852 1670 Pyrgopolynices
883 1616 916 1643 a.
950 1603 1032 1643 288
1064 1615 1147 1643 non
1180 1606 1242 1643 est
1286 1602 1397 1656 quod
1432 1615 1514 1642 non
1547 1602 1731 1643 Athenas

213 1677 357 1719 venire
402 1676 586 1731 potuisse
631 1679 869 1723 censeatur
927 1675 998 1716 ubi
1042 1664 1119 1716 etsi
1121 1667 1412 1730 *praesidium
1456 1673 1730 1715 Macedonum

210 1749 476 1801 collocatum,
525 1747 701 1789 Piraeus
755 1748 806 1789 ab
850 1747 1073 1789 Hei-iclide
1114 1747 1219 1788 duce
1262 1746 1463 1788 Demetrii
1509 1750 1730 1801 occupatus

211 1824 320 1875 erat,
370 1823 510 1862 tamen
564 1823 719 1862 totum.
741 1821 959 1876 Aegaeum
992 1832 1104 1861 mare
1135 1819 1275 1874 quiete
1317 1818 1517 1860 utebatur.
1588 1818 1760 1860 Unum‘

209 1896 373 1936 tantum
414 1891 630 1934 inceitum
665 1896 749 1945 est,
792 1892 947 1946 legatio
985 1880 1305 1933 Atheniensium
1350 1891 1400 1931 ad
1433 1890 1614 1931 Aetolos.
1673 1891 1732 1931 At

211 1966 381 2008 omnino
423 1966 617 2019 ignotum
658 1965 830 2019 reliquit
871 1965 1090 2020 prologus,
1137 1977 1220 2018 qua
1257 1963 1307 2005 de
1347 1976 1471 2004 causa
1502 1962 1729 2004 Pleusicles

210 2038 473 2093 Naupactum
505 2037 667 2091 abierit,
696 2038 868 2079 fortasse
890 2038 973 2078 iam
992 2050 1026 2077 a.
1047 2037 1129 2077 288
1147 2036 1198 2078 de
1215 2036 1445 2093 defectione
1462 2035 1733 2089 cogitabatm

210 2096 463 2166 qffafiifiuam
486 2107 762 2151 Athenienses
788 2109 956 2150 demum
937 2096 1235 2149 Demetrium
1266 2120 1319 2149 ex
1350 2120 1480 2161 regno
1509 2107 1728 2161 expulsum

210 2195 302 2225 esse
351 2182 548 2223 certiores
599 2181 697 2222 facti
738 2194 853 2222 arma
893 2180 1051 2235 cepisse
1091 2179 1288 2221 videntur
1327 2183 1468 2220 contla
1508 2191 1614 2220 eum.
1687 2177 1731 2219 Si

209 2255 342 2310 igitur
371 2265 424 2296 ex
457 2254 705 2308 argumento
735 2250 902 2292 fabulae
933 2254 1095 2306 tempus
1126 2250 1361 2305 definimus,
1403 2251 1514 2305 optio
1547 2250 1641 2291 data
1671 2254 1732 2291 est

208 2326 319 2369 inter
348 2337 480 2367 annos
511 2325 595 2366 299
628 2327 670 2366 et
700 2324 795 2364 287.

323 2384 540 2453 Superest,
584 2399 630 2438 ut
667 2396 718 2438 de
761 2396 822 2437 eis
864 2396 1031 2451 proeliis
1071 2395 1349 2451 disputemus,
1391 2407 1496 2450 quae
1526 2395 1729 2448 parasitus

208 2471 334 2514 militi
362 2470 407 2512 in
438 2469 572 2525 prima
602 2481 754 2510 scaena
785 2468 983 2510 vindicat.
1030 2468 1094 2509 Ex
1119 2469 1311 2523 exemplo
1333 2469 1456 2509 attico
1478 2479 1526 2508 ea
1545 2467 1728 2521 aliquam

206 2544 351 2588 saltem
383 2546 543 2599 partem
573 2542 774 2584 translata
805 2554 895 2583 esse
929 2545 1053 2596 atque
1084 2541 1136 2582 ad
1168 2545 1281 2583 certa
1313 2523 1422 2582 bella
1449 2542 1633 2594 spectare
1666 2539 1730 2580 vel

204 2617 248 2659 id
280 2617 530 2658 documento
563 2627 653 2656 esse
685 2607 863 2668 videtur,
901 2614 1011 2668 quod
1043 2613 1216 2668 triginta
1247 2612 1471 2655 Sardianos
1502 2598 1755 2652 trucidassol

209 2688 374 2731 dicitur.
451 2686 833 2742 Pyrgopolynicem
883 2686 965 2726 iam
1015 2684 1174 2739 pridem
1222 2686 1332 2726 inter
1371 2683 1533 2725 Seleuci
1578 2682 1732 2723 milites

325 2857 359 2904 *)
385 2858 537 2893 Demum
571 2860 714 2893 aestate
741 2867 772 2892 a.
800 2859 868 2892 287
895 2857 1119 2891 Demetrium
1147 2867 1260 2902 regno
1287 2855 1527 2892 Macedonum
1553 2855 1733 2902 privatum
1756 2851 1777 2894 u

208 2927 290 2956 esse
313 2916 617 2955 Wilamowitzius
645 2916 807 2954 ostendit
830 2916 952 2961 Antig.
979 2927 1009 2951 v.
1036 2915 1124 2953 Kar.
1148 2927 1186 2964 p.
1210 2918 1291 2954 248.
