2023 3299
1035 238 1089 280 66

316 358 453 399 nullus
508 361 627 412 poeta
681 370 820 398 sonem
870 357 1206 410 pronuntiantem
1254 356 1389 396 facere
1436 355 1586 413 potu-it:v
1613 353 1831 415 Posidippi

312 430 586 484 temporibus,
632 444 725 470 cum
758 430 1025 483 magistratus
1066 428 1135 468 illo
1179 428 1509 468 Atheniensibus
1552 428 1715 469 invisus
1746 428 1830 469 iam

312 517 345 543 a.
379 504 458 543 307
493 503 679 543 sublatus
723 502 856 543 fuerit.
919 500 1032 555 Ergo
1073 500 1319 541 Aululariae
1352 500 1593 554 exemplum
1626 499 1831 542 Demetrii

313 565 501 615 Phalerei
538 576 787 616 Athenarum
822 573 1018 627 praefecti
1050 577 1182 614 aetate
1225 573 1391 614 doctum
1441 577 1513 614 est.
1575 573 1731 614 Eodem
1767 586 1830 615 re-

312 649 417 696 fero,
458 648 566 700 quod
601 661 635 685 v.
674 648 750 687 107
786 646 980 698 ina-(sister
1013 645 1201 697 σφω-111096)
1233 645 1454 698 pecuniam
1488 646 1597 686 inter
1626 657 1830 699 pauperes

313 721 424 761 cives
465 719 674 759 divisurus
714 733 802 760 esso
842 720 992 767 fertur,
1033 718 1075 758 id
1117 718 1226 772 quod
1270 718 1399 759 multo
1437 718 1602 758 facilius
1634 718 1831 772 opulenta

313 793 500 846 beneque
527 792 811 833 administrata
842 804 885 832 re
918 791 1083 845 publica
1113 791 1204 831 fieri
1229 792 1411 845 potuisse
1445 803 1568 842 quan]
1602 804 1696 831 cum
1731 803 1829 845 opes

313 866 402 905 eius
445 864 652 918 perpetuis
694 864 814 904 bellis
854 863 950 903 inde
996 862 1114 926 ab“a.
1150 863 1230 902 307
1276 862 1406 920 gestis
1440 862 1668 903 exhaustae
1700 865 1829 912 erant,

313 949 434 977 nemo
467 936 724 977 infitiabitur.

313 1008 440 1048 Porro
474 1022 733 1062 quaeramus,
765 1008 929 1062 quando
962 1012 1052 1049 acta
1083 1008 1136 1048 sit

314 1113 601 1165 Rudens

427 1217 506 1258 Per
537 1217 775 1269 Arcturum,
808 1218 878 1270 qui
910 1218 1071 1271 prologi
1105 1218 1194 1258 vice
1225 1219 1428 1271 fungitur,
1460 1218 1683 1259 edocemur
1712 1217 1831 1259 fabu-

315 1289 393 1329 lam
441 1288 670 1343 Diphileam
714 1290 887 1342 Cyrenis
926 1291 1017 1344 agi,
1062 1286 1372 1331 adulescentem
1421 1291 1715 1331 Atheniensem
1769 1290 1831 1331 ibi

311 1360 522 1401 fidicinam
555 1375 579 1402 a
610 1362 757 1402 lenone
790 1363 960 1415 emisse,
1004 1363 1114 1403 1111110
1146 1367 1283 1404 autem
1317 1363 1518 1403 suadente
1550 1363 1711 1417 hospite
1743 1375 1831 1404 sce-

313 1432 533 1472 lestissimo
566 1434 846 1487 Agrigentino
879 1447 1027 1475 navem
1070 1434 1176 1475 clam
1210 1434 1524 1485 conscendisse,
1567 1438 1611 1475 111
1650 1436 1692 1475 111
1725 1434 1830 1475 Siei-

313 1503 409 1544 liam
444 1505 685 1555 veheretur3
734 1519 829 1546 nam

713 1577 770 1617 ow
801 1591 883 1618 esse
913 1578 1097 1618 leooizim’s
1130 1578 1389 1630 voluptarios

485 1647 614 1702 Dicit,
646 1653 801 1700 potesse
833 1650 1001 1691 divitem
1031 1650 1088 1690 iba·
1120 1665 1209 1691 cum
1236 1651 1331 1703 fieri
1344 1650 1416 1703 ³¹0¹<),

485 1720 555 1760 Ibe·
586 1734 669 1761 esse
699 1725 909 1772 quaestam
945 1735 1185 1762 vircarvmum
1217 1722 1501 1763 meretricibus

314 1792 385 1843 (vs.
420 1793 473 1832 54
504 1806 612 1847 sqq,
656 1794 702 1833 cf.
736 1795 843 1844 541).
915 1794 980 1834 Ex
1019 1795 1082 1835 his
1124 1796 1168 1834 ni
1211 1795 1330 1835 fallor
1369 1795 1568 1849 colligere
1609 1808 1831 1850 possumus

313 1864 421 1904 bella
452 1865 494 1904 in
518 1864 661 1905 Sicilia
694 1878 763 1919 per
784 1866 1080 1907 diadochorum
1115 1868 1328 1907 saeculum
1360 1870 1490 1920 gesta,
1521 1880 1616 1907 cum
1635 1866 1831 1921 Diphilus

312 1936 493 1977 fabulam
526 1951 644 1978 suam
677 1939 882 1991 conderet,
914 1940 1175 1993 aliquantum
1210 1939 1406 1993 temporis
1428 1940 1656 1993 composita
1688 1938 1832 1992 fuisse,

315 2022 408 2049 nam
444 2010 514 2049 vix
547 2012 757 2063 sapienter
788 2012 952 2051 fecisset
983 2011 1160 2064 Labrax,
1191 2012 1226 2052 si
1260 2024 1307 2052 eo
1339 2013 1547 2065 profectus
1579 2015 1699 2065 esset,
1734 2024 1831 2052 cum

314 2082 418 2122 aliae
450 2083 610 2123 insulae
643 2086 777 2137 partes
809 2084 1026 2137 populatae
1059 2088 1206 2136 essent,
1247 2085 1353 2124 aliae
1386 2084 1642 2124 exercitibus
1673 2083 1833 2124 hostili-

315 2154 391 2195 bus
421 2159 718 2208 premerentur,
762 2156 853 2196 aliis
884 2156 1065 2210 impetus
1097 2157 1385 2208 imminerent,
1432 2156 1547 2196 nulla
1577 2157 1690 2210 pacis
1721 2159 1833 2197 tran-

316 2227 520 2280 quillitate
551 2240 594 2268 se
618 2228 775 2268 diutius
800 2242 966 2269 usuram
995 2241 1085 2269 esse
1117 2233 1252 2282 posset
1275 2232 1527 2283 exspectare.
1577 2228 1712 2269 Immo
1743 2232 1833 2270 tum

316 2300 485 2353 quidem
516 2300 635 2341 facile
667 2302 798 2354 potuit
830 2315 923 2342 011111
957 2307 1075 2355 poeta
1101 2302 1322 2342 Tarentum
1358 2302 1421 2342 vel
1453 2301 1575 2342 aliam
1607 2301 1651 2341 in
1685 2300 1831 2342 urbem

315 2372 474 2425 fingere
507 2373 784 2426 navigantem.
846 2374 1100 2428 Relegamur
1142 2375 1275 2428 igitur
1313 2374 1363 2415 ad
1396 2375 1552 2414 seriora
1585 2373 1832 2427 Agathoclis

318 2448 513 2497 tempora,
548 2444 700 2495 quibus
734 2458 812 2485 non
847 2447 929 2487 iam
974 2447 1025 2487 de
1059 2446 1360 2499 Syracusarum
1393 2447 1569 2501 imperio
1599 2445 1833 2488 bellabatur

317 2519 355 2556 et
387 2514 575 2569 Siciliae,
620 2529 762 2558 verum
796 2520 949 2560 exteris
981 2520 1123 2572 terris,
1164 2519 1354 2560 Bruttiae
1385 2518 1595 2560 Lucaniae
1625 2511 1832 2572 Corcyrae

431 2707 463 2751 >t)
490 2707 558 2750 Qui
589 2708 828 2752 significetur,
866 2721 938 2744 non
976 2720 1127 2754 prorsus
1171 2715 1310 2746 certum
1349 2713 1415 2746 est.
1475 2709 1635 2744 Facilius
1678 2707 1834 2754 cogitari

314 2773 435 2813 potest
461 2768 503 2803 de
530 2770 796 2813 phratriarcho,
824 2772 853 2804 si
870 2772 1045 2806 Demetrii
1071 2776 1192 2807 aetate
1210 2772 1389 2815 Phalerei,
1417 2782 1524 2815 quam
1549 2771 1580 2806 si
1606 2775 1691 2816 post
1716 2782 1747 2806 a.
1763 2772 1833 2806 279

316 2830 489 2874 scripta-m
527 2841 605 2865 esse
642 2830 803 2866 fabulam
837 2834 1029 2868 statuimus
1066 2833 1125 2878 (cf.
1154 2833 1473 2877 Wilamowitzius,
1507 2833 1725 2868 Aristoteles
1759 2830 1834 2867 und

315 2889 435 2923 Athen
460 2890 494 2923 II
520 2901 553 2933 p.
581 2892 675 2935 215).

434 2950 488 2996 *ἢ
515 2951 572 2985 Sic
599 2952 839 2996 probabiliter
865 2954 1012 3000 scripsit
1039 2954 1237 3000 Seyffertus
1266 2954 1365 3000 apud
1390 2953 1744 2990 Sonnenscheinium.
