2023 3299
1013 247 1067 289 74

285 472 727 540 Epiinctrum.

399 578 742 620 Wilamowitzius
773 579 812 618 in
845 579 1203 631 commentatione,
1236 590 1359 632 quam
1393 576 1643 630 compluries
1672 587 1799 629 supra

284 648 556 701 laudavimus,
594 649 719 690 indici
752 649 985 689 scholarum
1017 647 1357 702 Gottingensium
1388 661 1424 687 a.
1461 647 1648 696 1893s94
1680 657 1797 700 prae-

284 720 407 761 missa
437 734 473 774 p.
511 723 560 761 13
583 735 669 776 sqq.
701 722 851 762 Persae
884 725 923 761 ct
954 720 1117 774 Epidici
1150 723 1304 761 aetates
1336 719 1510 760 definire
1541 718 1714 766 studuit,
1745 717 1796 759 de

284 793 396 833 illius
428 798 637 847 practerea
668 794 829 849 fabulae
861 793 1159 848 compositione
1191 793 1349 847 primus
1382 792 1567 832 omnium
1607 792 1665 832 ita
1697 791 1796 845 egit,

286 870 329 905 ut
359 867 461 906 ratio
494 867 690 920 postulat:
736 867 913 907 secrevit
955 878 1024 918 ea,
1066 878 1173 920 quae
1206 865 1354 925 adzi‘es
1386 877 1601 927 romanas,
1642 863 1693 904 ab
1726 863 1798 918 eis,

284 951 388 991 quae
430 938 479 978 ad
511 951 682 992 graecas
713 943 919 993 spectant,
962 939 1186 992 quaesivit,
1232 950 1338 991 quae
1370 936 1621 994 exemplaris
1662 938 1814 991 partes*

282 1010 428 1051 Plauto
461 1011 682 1052 mutandae
712 1012 887 1057 fuerint,
930 1012 1095 1052 atticam
1136 1011 1319 1052 fabulam
1360 1011 1579 1051 restituere
1625 1013 1798 1052 conatus

283 1088 343 1123 est
374 1083 509 1124 atticis
542 1083 665 1124 rebus
697 1097 768 1138 pro
800 1084 982 1124 romanis
1014 1083 1260 1124 substitutis.
1322 1082 1430 1124 Casu
1462 1083 1616 1124 factum
1648 1086 1722 1131 est,
1754 1085 1800 1125 ut

283 1169 360 1209 ego
393 1156 537 1197 codem
570 1160 752 1211 tempore
792 1157 832 1197 in
866 1156 1033 1197 easdem
1064 1156 1300 1197 comoedias
1332 1157 1600 1210 inquirerem.
1663 1156 1798 1210 Atque

283 1227 332 1268 de
347 1227 519 1282 Epidico
553 1242 658 1283 quae
681 1230 917 1283 expiscatus
949 1242 1053 1281 sum,
1085 1229 1156 1270 ubi
1177 1229 1357 1283 primum
1380 1229 1509 1269 otium
1543 1229 1632 1282 erit,
1662 1228 1800 1283 publi-

283 1299 382 1340 cabo
415 1325 465 1329 —
500 1314 650 1355 magno
695 1306 833 1342 autem
877 1314 999 1356 opere
1040 1302 1240 1342 dissentio
1284 1301 1334 1342 ab
1379 1301 1460 1352 eis,
1501 1301 1574 1354 qui
1617 1300 1668 1341 de
1709 1300 1799 1342 eius

283 1373 579 1427 compositione
602 1374 736 1415 adhuc
759 1378 935 1428 egerunt
965 1398 1033 1428 -,
1064 1375 1115 1415 ad
1134 1374 1305 1415 Persam
1338 1375 1448 1429 quod
1477 1374 1634 1427 attinet,
1666 1386 1797 1414 unum

283 1445 430 1486 vitium
462 1446 570 1500 fugit
600 1446 992 1499 Wilamowitzium,
1032 1447 1142 1501 quod
1184 1451 1223 1488 et
1252 1448 1389 1501 ipsum
1422 1461 1445 1488 a
1476 1460 1647 1503 romano
1679 1450 1801 1507 poeta

283 1516 510 1558 admissum
543 1530 631 1559 esse
663 1531 774 1559 nunc
804 1532 943 1559 meum
977 1522 1038 1560 est
1069 1519 1362 1560 demonstrare.
1496 1506 1506 1513 ⁷
1742 1506 1754 1514 ..

398 1589 568 1632 Summa
598 1592 835 1646 argumenti
865 1593 906 1632 in
941 1605 989 1634 eo
1022 1596 1221 1646 versatur,
1260 1596 1306 1633 ut
1335 1592 1506 1646 parasiti
1537 1592 1624 1634 filia
1654 1593 1798 1634 lenoni

282 1666 493 1717 tamquam
527 1676 578 1704 ex
602 1665 859 1718 penitissima
880 1665 1038 1706 Arabia
1069 1665 1248 1706 abducta
1270 1650 1423 1706 venum
1457 1665 1599 1717 detur3
1643 1677 1798 1720 quaero

282 1735 388 1788 iam,
433 1735 596 1789 qualem
630 1740 747 1790 poeta
778 1737 987 1792 virginem
1017 1737 1200 1779 finxerit.
1264 1738 1399 1792 Atque
1430 1738 1613 1793 primum
1643 1739 1680 1780 si
1711 1738 1798 1794 epi-

282 1806 431 1848 stulam
461 1808 718 1863 inspicimus,
749 1810 929 1864 legimus
961 1824 997 1851 V.
1031 1810 1135 1851 506:
1784 1816 1787 1819 “

461 1879 742 1933 Chrysopolim
779 1883 932 1924 Persae
963 1897 1102 1934 cepere
1131 1882 1272 1924 urbem
1303 1884 1349 1923 in
1379 1882 1547 1924 Arabia

453 1952 627 1994 Plenam
658 1954 858 1996 bonarum
888 1969 1025 1995 rernm
1058 1959 1179 2007 atque
1210 1955 1425 2007 antiquom
1456 1955 1669 2008 oppidum,

453 2024 523 2065 Ea
554 2030 833 2077 comportatur
860 2026 1033 2080 praeda,
1063 2030 1108 2067 ut
1136 2027 1213 2079 fiat
1243 2028 1379 2068 auctio

456 2096 710 2150 Publicium,-

283 2169 404 2223 paulo
436 2170 541 2211 infra
573 2184 609 2211 V.
643 2171 748 2211 520:

455 2241 540 2282 Iste
571 2243 641 2294 qui
673 2242 844 2284 tabellas
875 2243 1025 2295 adfert,
1059 2243 1238 2285 adduxit
1269 2243 1395 2285 simul

455 2312 611 2354 Forma
644 2315 877 2366 expetzmda
908 2314 1119 2356 liberalem
1150 2316 1355 2369 ciryc'nem

455 2386 690 2439 Furtivam,
724 2388 941 2429 abductam
974 2402 1023 2429 ex
1057 2388 1226 2429 Arabia
1251 2388 1547 2440 penitissuma.

283 2458 397 2499 Haec
430 2464 582 2513 quanto
613 2473 737 2512 opere
769 2460 877 2502 inter
907 2474 951 2503 se
984 2461 1138 2503 distent
1167 2462 1210 2501 in
1233 2462 1449 2516 propatulo
1480 2466 1554 2504 est.
1600 2461 1646 2503 Si
1678 2463 1799 2517 virgo

284 2543 356 2584 per
385 2532 613 2588 praedones
653 2545 707 2573 ex
739 2533 889 2574 Arabia
929 2534 1098 2588 abrepta
1134 2533 1393 2588 fingebatur,
1435 2547 1518 2575 non
1561 2547 1668 2589 opus
1711 2537 1802 2577 erat

249 2594 254 2597 *
285 2603 548 2657 expeditione
571 2604 803 2658 Persarum,
834 2606 869 2647 si
885 2606 1038 2647 Persae
1059 2606 1214 2647 bellum
1238 2606 1440 2660 gerebant
1469 2609 1613 2648 contra
1633 2607 1800 2662 Arabes,

282 2675 461 2729 puellam
493 2690 517 2716 a
547 2676 828 2731 Sagaristione
861 2683 905 2720 ut
935 2680 1141 2735 captiyam
1173 2679 1303 2719 satius
1334 2679 1415 2720 fuit
1445 2679 1630 2734 proponi.
1686 2678 1798 2721 Illud

283 2747 318 2788 si
350 2749 577 2803 exemplari
610 2751 732 2791 attico
765 2752 1039 2805 vindicamus,
1075 2753 1166 2793 iure
1198 2755 1238 2793 et
1267 2753 1415 2793 merito
1447 2751 1656 2793 Dordalus
1686 2751 1799 2793 deoi-

284 2820 395 2874 pitur
424 2825 565 2876 utpote
597 2835 693 2876 prae
724 2824 829 2864 lucri
861 2825 1086 2879 cupiditate
1118 2837 1285 2866 omnem
1318 2824 1519 2878 pudorem
1543 2824 1798 2879 relinquens,

283 2891 346 2931 sin
379 2891 466 2945 hoc,
498 2893 658 2934 licitum
688 2895 786 2936 fecit
816 2909 892 2937 nec
931 2897 1013 2938 nisi
1045 2897 1144 2951 quia
1173 2896 1268 2937 leno
1309 2900 1371 2938 est
1401 2896 1652 2938 ludificatur.
1714 2895 1798 2938 Sed

287 2975 339 3003 ex
373 2964 523 3006 talibus
555 2966 924 3010 deliberationibus
955 2969 1225 3023 concludere,
1267 2968 1368 3023 quid
1399 2970 1658 3024 genuinum,
1697 2968 1800 3024 quid
