1988 3273
900 172 952 214 37

167 288 337 332 debebit
373 287 632 343 argumentis
674 286 745 340 qui
788 287 830 326 in
876 287 1091 330 Menandri
1133 300 1298 343 quoque
1343 290 1481 331 fabula
1523 291 1684 332 adules-

169 365 332 403 centem
362 359 581 402 biennium
613 372 636 400 a
668 358 799 413 patria
830 360 983 400 afuisse
1017 360 1199 416 negabit.

285 431 372 474 Iam
405 430 742 486 Disexapatontis
774 436 950 472 aetutem
986 434 1298 488 investigaturis
1342 434 1382 474 id
1429 435 1685 488 potissimum

168 504 389 547 molestum
423 508 506 558 est,
547 504 657 558 quod
692 516 766 545 nec
798 505 964 553 scimus,
999 506 1133 559 qualis
1164 506 1283 547 mile>-
1323 506 1377 546 sit
1408 506 1689 557 Cleommflius,

168 589 247 620 nec
268 590 393 632 quam
426 577 478 618 ob
511 576 807 637 rem*I}latea111
829 579 1122 633 prestolentur.
1172 578 1360 620 Fortasse
1383 580 1689 620 inerconnmios

169 650 453 693 conducturus
485 655 558 704 est,
589 651 761 692 fortasse
792 650 905 692 aliud
938 653 1035 706 agit.
1082 651 1295 706 Temporis
1320 652 1543 706 vestigium
1563 651 1690 693 Leoni

172 723 311 766 visum
343 727 406 765 est
436 723 573 764 inesse
605 723 648 763 in
682 737 738 764 vs.
773 723 853 763 911
888 736 971 777 sq.:

401 795 523 838 Satin
557 798 628 847 est,
661 795 699 836 si
728 794 856 846 plura
889 808 938 835 ea:
971 809 1029 836 me
1060 794 1201 837 audiet
1231 795 1349 836 hodie
1379 795 1491 836 mala

401 867 534 920 Qua-m
565 867 725 909 audivit
757 880 953 919 umquam
989 867 1131 909 Clinia
1162 880 1212 909 ea:
1243 866 1489 909 Demetrio?

171 953 277 996 quos
318 940 363 982 in
394 940 577 982 Hermae
606 940 686 982 vol.
718 939 869 981 XVIII
900 954 936 994 p.
970 942 1050 981 559
1091 941 1151 983 sic
1190 941 1412 995 explicuit:
1454 933 1690 981 Demetrius

165 1013 350 1066 fortasse
382 1012 612 1054 Phalereus
643 1016 713 1063 est,
749 1011 918 1054 Clinias
952 1013 1131 1055 inco-tus
1161 1012 1328 1066 aliquis,
1361 1012 1543 1054 rhetores
1574 1011 1690 1053 ambo

170 1088 207 1128 et
238 1085 400 1139 insiyni
431 1084 616 1138 exemplo
649 1085 693 1125 in
726 1085 884 1126 comitio
909 1085 1111 1128 iudiciove
1139 1085 1243 1127 alter
1275 1085 1325 1126 ab
1344 1085 1472 1126 altero
1494 1085 1692 1126 conviciis

164 1157 431 1212 profliyatus,
465 1171 560 1200 cum
593 1158 847 1199 Fritzschius
878 1163 918 1200 et
937 1159 1182 1213 Toeppelius
1215 1158 1284 1211 (de
1315 1159 1460 1214 fragm.
1493 1171 1595 1199 com.
1626 1171 1688 1212 gr.

171 1235 328 1286 quaest.
350 1232 439 1272 orit.
463 1244 570 1286 spec.
594 1231 668 1284 ΙΙΙ,
700 1244 835 1286 progr.
859 1231 1009 1273 Neobr.
1035 1232 1142 1273 1867
1176 1245 1211 1286 p.
1237 1233 1260 1272 9
1283 1232 1388 1286 sqq.)
1422 1243 1691 1286 personarum

169 1304 223 1346 ad
255 1304 448 1370 alexidis
480 1303 743 1346 Demetrium
781 1305 846 1346 vel
879 1304 1160 1346 Philotaerum
1204 1318 1228 1346 a
1259 1304 1418 1345 Naevio
1451 1304 1690 1345 translatam

170 1377 469 1433 pertinentium
490 1378 662 1418 nomina
694 1377 779 1419 dici
799 1377 1088 1419 iudicaverint.
1136 1376 1398 1420 Demetrium
1422 1377 1535 1418 enim
1567 1377 1608 1417 in
1643 1389 1692 1417 ea

171 1449 473 1492 adulescentem
510 1450 646 1502 faisse
685 1450 780 1491 bene
821 1453 1053 1501 moratum,
1094 1450 1271 1492 anticum
1304 1449 1492 1500 Cliniae,
1535 1447 1695 1489 iuvenis

171 1521 396 1575 luxuriosi,
428 1536 544 1575 quem
566 1522 635 1564 ille
653 1523 777 1577 gyraoi
808 1526 844 1564 et
864 1522 1041 1577 benigna
1064 1522 1351 1565 adhortatione
1379 1522 1434 1563 acl
1454 1520 1692 1563 modestiam

171 1598 210 1637 et
234 1594 506 1647 prudentiam
537 1608 726 1636 revocare
745 1595 965 1636 studuerit.
1018 1594 1132 1644 Quae
1163 1595 1305 1650 opinio
1337 1607 1418 1635 non
1441 1592 1694 1648 probabilior

171 1666 281 1710 facta
311 1671 373 1710 est
415 1680 485 1721 eo,
528 1667 639 1722 quod
670 1667 880 1721 Koekius,
925 1669 1045 1709 cuius
1076 1668 1458 1722 interpretationem
1492 1665 1694 1719 exscripsi

171 1739 304 1794 (Com.
337 1741 416 1781 Att.
448 1739 490 1781 ΙΙ
523 1754 558 1795 p.
592 1740 703 1793 313),
734 1739 873 1781 Plauti
903 1740 1138 1782 fabularum
1170 1740 1269 1782 satis
1301 1739 1518 1794 imperitus
1555 1739 1592 1779 ei
1624 1751 1693 1792 pa-

171 1816 318 1855 tronus
349 1813 520 1854 exstitit
570 1812 678 1854 Nolo
710 1798 903 1867 eqdidem
938 1814 1094 1855 multus
1125 1825 1215 1855 esse
1244 1813 1288 1854 in
1321 1812 1545 1854 refellendo
1568 1811 1693 1852 Fritz—

167 1886 311 1928 sebio:
344 1885 447 1927 falso
479 1897 574 1927 eum
602 1886 894 1926 ratiocinatum
928 1898 1017 1927 esse
1050 1899 1175 1940 quam
1196 1886 1426 1927 certissime
1458 1885 1546 1939 ipse
1578 1884 1694 1925 loeus

171 1957 395 2000 PIautinus
426 1957 559 1999 docet.
621 1957 729 2000 Vide
760 1958 884 2011 enim,
917 1971 1039 2012 quam
1073 1971 1155 1999 non
1187 1958 1224 1999 is
1254 1957 1505 2009 Demetrius,
1547 1956 1619 2011 qui
1650 1956 1694 1996 in

174 2029 352 2072 Cliniam
394 2043 589 2071 summa
629 2030 765 2072 mala
805 2031 992 2084 ingerat,
1036 2030 1076 2072 ei
1115 2031 1361 2084 conveniat,
1401 2030 1474 2084 qui
1515 2029 1693 2070 amicum

172 2103 330 2158 gravi
361 2105 411 2144 et
441 2101 681 2157 benigna
712 2102 1104 2143 adhortatione
1144 2102 1196 2144 ad
1227 2102 1542 2157 temperantiam
1575 2113 1691 2161 revo-

174 2185 268 2216 care
308 2174 496 2226 studeat3
543 2175 647 2229 quin
678 2173 918 2233 Demetrius
957 2186 1001 2215 re
1045 2187 1143 2216 vera
1184 2175 1417 2216 maledictis
1463 2177 1503 2216 et
1544 2173 1695 2228 iurgiis

173 2246 386 2288 lacessivit
416 2246 608 2300 Cliniam,
639 2259 716 2288 nec
747 2246 929 2288 dubitari
962 2250 1104 2301 potest,
1146 2247 1247 2301 quin
1282 2246 1510 2300 Chrysalus
1541 2245 1695 2305 Mnesi-

179 2319 347 2361 lochum
379 2320 690 2374 vituperaturus
721 2319 774 2360 ad
805 2319 1000 2374 graviora
1031 2318 1166 2372 potius
1201 2332 1326 2374 quam
1367 2320 1528 2360 minora
1558 2331 1694 2373 respe-

175 2391 297 2433 xerit.
356 2390 521 2433 Deinde
551 2392 657 2433 illud
690 2405 882 2444 umquam
920 2393 963 2432 in
998 2405 1032 2431 v.
1066 2391 1147 2431 912
1189 2404 1271 2433 non
1314 2391 1412 2433 lieet
1450 2390 1695 2445 intellegere

166 2462 228 2506 ,de
266 2463 407 2506 fabula
449 2464 579 2506 semel
624 2451 741 2506 bisve
782 2464 887 2523 data.
954 2464 1099 2517 Itaque
1139 2463 1190 2505 de
1229 2463 1379 2505 Naevii
1423 2467 1464 2506 et
1501 2463 1696 2504 Alexidis

175 2527 389 2578 Demetrio
420 2540 559 2578 actum
599 2541 681 2590 est,
722 2537 837 2578 1111113
869 2549 965 2578 vero
997 2535 1275 2590 significatam
1316 2549 1405 2578 esse
1437 2549 1521 2577 non
1553 2535 1697 2577 debuit

175 2611 358 2650 statuere
389 2608 652 2662 Fritzschius,
683 2606 907 2664 antequam
938 2612 979 2649 et
1010 2609 1100 2649 eius
1132 2609 1265 2663 ipsius
1305 2612 1345 2650 et
1375 2612 1488 2649 actae
1521 2607 1696 2648 Bacchi-

177 2681 279 2723 dum
309 2684 465 2723 aetates
495 2682 809 2724 considerasset.
871 2680 961 2730 Quo
992 2684 1130 2721 autem
1162 2679 1353 2736 Chrysali
1390 2692 1533 2722 versus
1572 2680 1696 2734 perti—

176 2757 315 2807 neant,
347 2754 509 2807 nesci03
556 2767 653 2796 nam
684 2767 762 2796 nec
782 2753 904 2796 facile
927 2753 1197 2808 cogitaverim
1230 2753 1281 2794 de
1302 2752 1515 2794 Demetiio
1537 2752 1694 2793 comico

165 2808 398 2866 ρΜ311ε1111111
429 2814 595 2879 aequali
625 2824 786 2866 Cliniae
818 2823 983 2866 cuidam
1025 2822 1076 2863 de
1113 2822 1272 2878 pulpito
1303 2822 1576 2863 maledicente
1622 2832 1697 2861 nec-

166 2895 331 2953 ,Leonis
361 2895 600 2940 coniectura
630 2896 753 2940 valde
783 2897 857 2939 illa
888 2895 1060 2952 quidem
1090 2894 1195 2936 mihi
1233 2895 1422 2937 arridens
1463 2893 1555 2936 eius
1585 2890 1699 2934 modi

1371 2968 1394 3007 3
