1988 3273
933 221 985 258 332

193 336 274 390 sit,
317 349 399 378 non
433 334 739 389 dubitabimus,
781 337 882 390 quin
929 337 1064 377 verbis
1104 338 1195 379 eius
1237 337 1395 392 aliquid
1440 340 1523 379 veri
1565 340 1717 381 subsit:

198 406 308 448 dicta
330 410 393 448 est
413 405 627 460 occupatio
650 404 796 458 Syriae
820 410 910 459 post
941 420 1121 460 pugnam
1154 407 1262 461 apud
1286 407 1423 461 Ipsum
1457 411 1716 450 vonunissam

199 491 226 520 a
254 477 430 520 Seleuco
461 479 590 525 faeta:
628 491 724 519 nam
757 478 808 519 de
840 480 1066 519 serioribus
1099 479 1376 534 temporibus,
1420 481 1571 534 quibus
1603 484 1723 534 Syria

199 550 429 592 identidem
462 565 486 592 a
511 550 762 592 Ptolemaeis
793 557 910 604 capta
943 558 1013 595 est.
1045 552 1218 606 eogitari
1253 557 1360 592 vetat
1381 551 1524 592 Lemni
1558 555 1724 599 mentio,

197 635 323 678 quam
366 623 547 664 insulam
595 636 645 664 ne
678 628 767 677 post
810 636 843 663 a.
877 625 959 663 253
1003 624 1170 676 quidem
1212 623 1283 663 diu
1327 624 1368 663 iu
1404 624 1719 665 Atlwniensium

198 694 364 736 dicione
398 696 600 736 mansisse
634 701 743 736 reete
776 696 937 735 monuit
972 695 1233 736 Willielmius
1268 696 1291 735 l.
1327 695 1348 735 l.
1381 696 1513 736 Simul
1546 710 1719 750 eognos-

194 767 333 809 cimus
376 766 540 808 Seleuci
595 780 684 808 esse
732 767 907 807 militem
951 767 1312 819 Babyloniensem.
1385 768 1463 815 Qui
1523 769 1718 821 quomam

198 840 281 882 iam
315 853 463 882 novem
498 840 712 882 mensibus
743 844 838 881 ante
871 840 1044 881 Athenis
1076 840 1203 881 fuisse
1241 840 1424 894 fingitur.
1470 841 1608 882 sabula
1640 855 1720 882 non

199 913 335 968 potuit
376 913 516 954 doceri
558 917 653 954 ante
694 926 728 953 a.
761 913 868 962 299;
913 912 1015 952 alter
1053 913 1254 953 terminus
1298 917 1358 952 est
1389 928 1421 953 a.
1455 915 1558 966 297,
1601 914 1722 954 modo

199 988 381 1026 statuere
417 985 541 1026 liceat
572 984 740 1026 demum
772 988 865 1038 post
897 998 967 1025 ver
999 985 1122 1026 liuius
1154 984 1254 1025 anni
1285 984 1543 1026 Demetrium
1578 986 1720 1027 urbem

198 1069 448 1112 aggressum
479 1069 580 1098 esse.

316 1127 464 1171 Cetera
515 1129 709 1184 quidem,
761 1141 868 1183 quae
906 1128 1199 1183 Stratophanes
1249 1134 1410 1181 narrat,
1464 1129 1514 1170 ad
1563 1134 1723 1184 tempus

200 1200 366 1244 fabulae
406 1201 744 1256 cognoscendum
790 1201 895 1241 nihil
936 1202 1059 1242 eredo
1099 1202 1245 1242 facere.
1317 1201 1463 1255 Neque
1507 1203 1616 1242 enim
1663 1203 1723 1243 eis

202 1274 396 1317 assentiri
427 1288 609 1330 possum,
641 1275 713 1329 qui
747 1287 844 1315 eum
876 1287 940 1315 ies
973 1288 994 1315 a
1027 1288 1069 1316 se
1101 1278 1241 1330 gestas
1263 1275 1500 1328 piaedieare
1523 1275 1724 1315 arbitran—

180 1341 280 1390 'tun
349 1349 417 1388 An
459 1360 504 1389 re
548 1360 647 1389 vera
689 1348 732 1388 in
775 1347 963 1401 Pin->gia
1016 1360 1059 1388 se
1098 1360 1181 1402 pug3
1171 1359 1309 1387 nasse
1350 1347 1530 1400 indeque
1573 1347 1723 1400 pallam

199 1420 446 1476 praedatum
478 1433 582 1470 esse,
613 1434 665 1462 ex
688 1420 846 1461 Arabia
878 1425 955 1473 tus,
987 1434 1037 1461 ex
1061 1420 1192 1461 Ponto
1224 1433 1432 1460 amomum
1445 1420 1480 1471 *)
1506 1419 1724 1461 abstulisse

201 1495 337 1549 potuit
365 1494 570 1549 gloriari?
611 1493 745 1535 Immo
786 1506 960 1549 peregre
1001 1499 1072 1535 aut
1111 1494 1153 1534 in
1186 1494 1289 1534 Asia
1326 1498 1398 1534 aut
1427 1493 1525 1533 alibi
1560 1506 1628 1533 eas
1660 1505 1726 1534 res

195 1567 376 1620 coemit,
423 1579 526 1620 quas
566 1578 758 1620 quaeque
801 1569 911 1607 terra
951 1567 1126 1619 optimas
1167 1565 1335 1606 ferebat.
1405 1564 1472 1605 Sic
1515 1564 1725 1619 Phrygiae

200 1639 335 1693 pallae
390 1638 552 1680 nobiles
601 1638 879 1691 habebantur,
936 1642 1001 1679 tus
1054 1637 1276 1678 Arabicum
1337 1636 1491 1691 ubique
1550 1637 1727 1689 venibat,

206 1712 381 1754 ancillas
412 1723 580 1766 quoque
611 1715 819 1752 mercatus
850 1715 932 1764 est,
975 1711 1177 1765 quamvis,
1213 1714 1258 1751 ut
1287 1714 1349 1751 est
1378 1709 1524 1750 militis
1555 1709 1727 1763 gloriosi

204 1789 365 1838 natura,
395 1788 535 1839 captas
566 1797 591 1825 a
620 1796 665 1825 se
697 1797 788 1826 esse
819 1785 955 1837 iactet,
986 1784 1095 1824 servi
1126 1786 1265 1824 autem
1288 1781 1382 1834 Syri
1415 1781 1507 1822 aliis
1526 1782 1728 1835 praefere-

205 1856 371 1911 bantur,
401 1857 502 1912 quia
532 1842 737 1899 Seu-orm
765 1868 898 1909 {senus
924 1855 1282 1908 patientissimum
1306 1858 1392 1895 erat
1413 1853 1598 1905 (es.T1·in.
1621 1854 1730 1904 542).

320 1929 517 1984 Denique
549 1929 661 1984 quod
683 1928 934 1970 Schmitzius
953 1927 1174 1970 Menandri
1192 1927 1403 1980 Thaidem,
1433 1926 1475 1967 F.
1495 1925 1728 1967 Schoellius

205 2002 396 2045 eiusdem
427 2001 674 2054 Sicyonium
705 2014 729 2042 a
759 2000 909 2042 Plauto
940 2000 1145 2042 redditam
1176 2012 1266 2041 esse
1297 1998 1619 2051 affirmaverunt,
1656 1999 1728 2038 vix

204 2086 310 2130 opus
349 2076 413 2116 est
453 2086 646 2114 moneam
692 2072 798 2113 mihi
844 2076 1039 2114 neutrum
1092 2071 1267 2126 probari.
1337 2070 1428 2112 Hoc
1470 2069 1727 2111 Ribbeckius

207 2143 380 2198 (Alazon
422 2157 460 2198 p.
494 2143 546 2184 79
578 2143 653 2198 sq.)
694 2142 794 2184 satis
835 2142 1052 2194 refutavit,
1094 2141 1200 2182 illud
1239 2141 1281 2181 iu
1325 2141 1412 2182 sola
1454 2139 1728 2181 similitudine

205 2216 386 2272 positum
419 2219 499 2269 est,
538 2228 645 2271 quae
676 2215 899 2257 intercedit
928 2216 1037 2256 inter
1065 2214 1234 2255 Thaidis
1275 2218 1316 2256 et
1344 2213 1565 2255 Phronesii
1596 2224 1730 2254 mores

205 2287 273 2343 (cf.
303 2289 347 2330 F.
380 2288 628 2342 Schoellius,
659 2288 787 2329 divin.
818 2287 861 2328 in
893 2287 1012 2328 True.
1044 2300 1080 2341 p.
1114 2286 1166 2327 16
1198 2287 1314 2340 sqq.).

205 2360 336 2404 Porro
365 2361 570 2417 gravibus
601 2359 919 2402 difficultatibus
950 2360 1214 2414 implicamur
1244 2361 1514 2411 quaerentes,
1563 2356 1728 2411 quando

204 2477 573 2533 Poenulus

207 2597 360 2641 graeca
402 2588 494 2627 acta
544 2586 610 2628 sit.
682 2586 798 2627 Ante
842 2584 982 2625 omnia
1028 2580 1252 2622 dicendum
1300 2583 1362 2621 est
1406 2578 1601 2620 Plautum
1648 2589 1730 2617 non

207 2670 336 2700 unam
364 2657 561 2712 fabulam,
593 2670 739 2700 verum
772 2657 876 2698 duas
895 2655 1133 2697 dimidiatas
1163 2653 1336 2694 barbare
1367 2652 1550 2693 vertisse.
1611 2648 1730 2698 Quod

207 2730 404 2773 omnibus
433 2732 520 2773 fere
554 2731 653 2772 viris
683 2731 817 2772 doctis
803 2712 947 2770 olim
982 2713 1244 2782 probatum-⁴⁴
1230 2726 1302 2780 qui
1343 2724 1528 2766 refellere
1572 2721 1734 2763 studuit

199 2807 253 2846 -et
291 2807 387 2846 actu
428 2808 575 2859 quarto
612 2807 708 2846 ante
739 2802 971 2845 secundum
1005 2799 1136 2854 posito
1166 2811 1255 2841 rem
1288 2797 1393 2839 bene
1425 2794 1622 2850 expedile
1652 2792 1733 2834 sibi

325 2943 362 2992 *)
388 2942 581 2989 Assumpsi
605 2940 875 2979 emendationes
901 2936 1124 2975 Buecheleri.
