2023 3299
1019 184 1072 225 20

302 306 597 360 pugnationem
629 317 663 343 a.
694 302 774 341 :303
808 301 958 341 factam
990 299 1032 340 in
1065 301 1141 341 hac
1172 298 1314 341 fabula
1344 298 1658 353 significaverit,
1688 297 1816 352 scrip-

301 379 403 418 sisse
437 390 527 418 eam
561 388 642 416 uno
675 387 726 415 ex
760 372 948 427 proxime
980 371 1253 426 sequentibus
1283 371 1415 412 annis.

412 448 490 489 His
521 447 722 502 expositis
754 446 913 498 reliqua
954 457 1274 498 percenseamus
1305 444 1577 494 documenta,
1621 455 1727 497 quae
1768 455 1817 484 ea

297 521 580 573 continentur,
621 532 668 560 ac
701 518 936 568 videamus,
979 529 1077 557 num
1111 517 1363 558 conveniant
1391 516 1486 557 illis.
1547 515 1663 557 Nihil
1695 515 1816 569 valet,

297 593 406 646 quod
449 606 504 632 vs.
536 592 619 632 438
651 604 740 644 sqq.
785 588 978 630 Curculio
1020 589 1145 630 iactat
1186 601 1276 630 sese
1319 601 1413 629 cum
1452 587 1816 642 Therapontigono

298 662 625 715 nudiusquartus
677 673 729 701 ex
773 659 891 699 India
941 657 983 697 in
1028 657 1191 699 Cariam
1246 658 1432 709 venisse,
1479 657 1676 710 quoniam
1716 656 1816 697 talia

298 734 586 787 unusquisque
630 732 750 772 miles
804 730 1009 785 gloriosus
1061 730 1141 771 sibi
1184 728 1359 783 affingit.
1432 728 1546 770 Idem
1593 728 1815 782 trapezitae

296 808 434 845 narrat
466 818 521 845 vs.
554 805 636 844 442
670 817 757 857 sqq.
790 803 907 843 illum

754 874 918 919 Persas,
954 873 1268 926 Papldayonw,

522 948 715 998 Sinopes,
748 946 922 995 Arabes,
958 945 1106 997 Caras,
1140 946 1355 997 Oretanos,
1390 945 1530 999 Syros,

523 1018 730 1059 Rhodiam
762 1021 884 1069 atque
914 1016 1099 1069 Lyciam,
1133 1017 1353 1058 Perediam
1386 1021 1423 1057 et
1456 1016 1747 1067 Perbibesiam,

526 1089 935 1132 Centauromuclzium
968 1093 1003 1130 et
1038 1089 1245 1131 Classiam,
1285 1088 1628 1141 U‘nomcmmzimn,

519 1163 773 1216 Libyamque
804 1162 886 1217 (et)
917 1175 1032 1203 oram
1063 1176 1219 1203 onmem
1254 1161 1705 1214 (1022terem-ommam*)

292 1237 400 1276 intra
433 1236 582 1290 viginti
616 1236 704 1277 dies
735 1236 963 1290 subegisse.
1022 1235 1209 1276 Priorem
1243 1236 1387 1276 horum
1424 1248 1620 1276 versuum
1653 1238 1809 1289 partem

294 1320 424 1361 usque
467 1307 517 1348 ad
559 1306 765 1348 Rhodiam
810 1311 928 1359 atque
967 1307 1139 1361 Lycium
1183 1321 1263 1348 non
1306 1308 1442 1348 solum
1484 1321 1536 1348 ex
1581 1307 1812 1362 exemplari

293 1392 531 1434 expressam
568 1403 611 1408 -—
650 1380 692 1420 id
724 1380 832 1434 quod
867 1393 986 1421 nemo
1019 1381 1165 1434 opinor
1195 1380 1369 1434 negabit
1401 1406 1465 1433 -,
1508 1393 1652 1421 verum
1684 1381 1810 1421 etiam

292 1451 342 1491 ad
375 1454 578 1491 certorum
610 1451 811 1492 factorum
856 1452 1098 1492 memoriam
1141 1452 1316 1505 positam
1359 1464 1448 1493 esse
1487 1451 1591 1492 illud
1625 1451 1810 1502 Sinopas

291 1522 389 1561 satis
421 1533 628 1575 superque
660 1521 920 1562 demonstrat.
985 1523 1046 1562 An
1080 1523 1302 1576 quisquam
1345 1522 1485 1563 credet
1521 1525 1683 1576 poetam
1716 1523 1810 1564 atti-

293 1606 387 1634 cum
421 1593 658 1634 nationibus
690 1597 849 1634 tantum
888 1607 968 1634 non
1002 1594 1197 1636 omnibus
1228 1594 1436 1646 barbaris,
1480 1607 1583 1648 quas
1620 1608 1645 1635 a
1675 1593 1809 1635 milite

291 1665 516 1706 debellatas
548 1678 637 1707 esse
669 1666 788 1719 dixit,
820 1667 976 1708 incolas
1008 1667 1123 1708 urbis
1155 1667 1330 1720 eiusque
1361 1679 1537 1721 graecae
1568 1666 1810 1707 additurum

289 1737 436 1790 fuisse,
478 1737 558 1778 nisi
590 1738 628 1778 ei
660 1750 703 1779 re
736 1751 831 1779 vera
865 1752 945 1779 non
976 1739 1034 1780 ita
1065 1739 1195 1780 multo
1226 1743 1321 1780 ante
1352 1742 1483 1779 actam
1515 1738 1698 1779 fabulam
1728 1738 1810 1779 ini-

291 1822 372 1863 quo
414 1808 545 1850 Marte
588 1812 874 1864 pugnassent?
945 1811 1176 1852 Videamus
1220 1811 1374 1865 igitur,
1415 1823 1497 1864 quo
1543 1809 1808 1852 Curculionis

291 1880 415 1921 verba
445 1884 641 1934 spectent.

404 1952 542 2005 Atque
573 1953 609 1992 si
641 1952 760 1994 miles
787 1953 941 1993 Persas
964 1954 1182 2009 subegisse
1203 1955 1367 2004 dicitur,
1398 1967 1478 1995 non
1505 1954 1603 1996 licet
1622 1954 1807 2009 cogitare

289 2021 339 2062 do
371 2034 500 2075 regno
532 2021 753 2062 Persarum
784 2023 834 2063 ab
870 2024 1109 2065 Alexandro
1142 2024 1297 2078 Magno
1330 2027 1583 2078 expugnato,
1613 2037 1710 2064 nam
1743 2025 1807 2064 in-

289 2097 380 2147 epte
414 2097 532 2147 poeta
553 2097 708 2135 ceteras
731 2098 869 2148 terras⁷
901 2109 1006 2150 quae
1039 2097 1164 2138 liuius
1190 2098 1311 2151 regni
1334 2100 1469 2151 partes
1502 2100 1629 2149 erant,
1659 2097 1807 2138 adiun-

291 2165 441 2204 xisset:
476 2164 584 2205 dixit
614 2166 769 2206 incolas
796 2166 977 2208 Persidis
1009 2169 1259 2222 provinciae.
1312 2168 1435 2209 Unde
1466 2172 1577 2209 recte
1599 2167 1808 2210 Soltavius

291 2235 566 2287 (Curculionis
588 2237 804 2280 Plautinae
836 2244 972 2280 actum
1004 2240 1067 2280 ΙΙΙ
1098 2241 1391 2295 interpretatus
1422 2245 1483 2282 est
1515 2241 1562 2281 G.
1586 2239 1637 2287 S„
1669 2254 1806 2296 progr.

290 2307 445 2349 Zabcrn
482 2309 591 2349 1882
625 2323 659 2363 p.
694 2311 759 2361 12)
792 2313 995 2353 conclusit
1026 2313 1232 2366 Antigoni
1272 2316 1312 2353 et
1341 2311 1505 2354 Seleuci
1548 2316 1691 2353 contra
1721 2312 1806 2355 Eu-

292 2392 454 2421 menem
486 2381 795 2435 expeditionem
829 2384 877 2435 (a.
911 2384 1009 2436 316)
1041 2384 1320 2438 significatam
1354 2396 1464 2435 esse3
1508 2397 1605 2425 nam
1647 2385 1723 2426 etsi
1756 2385 1808 2426 de

289 2453 417 2493 altera
439 2466 604 2507 quoque
622 2454 806 2496 Persidis
829 2458 1097 2511 occupatione
1129 2457 1206 2498 sub
1239 2458 1317 2498 hoc
1346 2460 1510 2511 tempus
1533 2456 1640 2498 facta
1671 2457 1807 2499 edocti

290 2537 445 2577 sumus,
476 2537 565 2565 eam
600 2526 713 2579 dico,
758 2542 838 2581 qua
871 2528 1070 2570 Seleucus
1103 2543 1137 2570 a.
1170 2531 1251 2570 312
1286 2530 1525 2570 interiorem
1561 2529 1700 2570 Asiam
1732 2529 1808 2571 Ni-

290 2596 431 2636 canori
472 2596 647 2651 eripuit,
691 2601 824 2639 tamen
856 2600 1290 2655 Therapontigonum,
1331 2614 1426 2642 cum
1457 2599 1661 2642 Demetrii
1704 2601 1808 2643 latro

290 2667 493 2721 fingatur,
541 2669 639 2721 quid
672 2670 902 2724 simplicius
933 2676 1164 2714 statuemus
1195 2686 1318 2728 quam
1353 2674 1477 2714 etiam
1509 2676 1596 2714 tum
1641 2673 1682 2713 in
1717 2674 1808 2714 eius

407 2834 439 2874 *Ἴ
467 2835 517 2869 Et
543 2835 678 2870 inserui
706 2847 784 2871 cum
811 2839 961 2884 Bothi03
997 2841 1229 2876 conterebrom
1264 2842 1364 2875 niam
1390 2841 1441 2885 E,
1476 2841 1719 2877 eooztenebrom
1745 2842 1809 2886 llll

288 2896 389 2931 niam
415 2897 470 2932 13¹2.
