<?xml version="1.0" encoding="UTF-8"?>
<!DOCTYPE html PUBLIC "-//W3C//DTD XHTML 1.0 Transitional//EN"
    "http://www.w3.org/TR/xhtml1/DTD/xhtml1-transitional.dtd">
<html xmlns="http://www.w3.org/1999/xhtml" xml:lang="en" lang="en">
 <head>
  <title>
</title>
<meta http-equiv="Content-Type" content="text/html;charset=utf-8" />
  <meta name='ocr-system' content='tesseract 3.04.00' />
  <meta name='ocr-capabilities' content='ocr_page ocr_carea ocr_par ocr_line ocrx_word'/>
</head>
<body>
  <div class='ocr_page' id='page_1' title='image "./deplauticomoedia00huefuoft_0043.png"; bbox 0 0 1988 3273; ppageno 0'>
   <div class='ocr_carea' id='block_1_1' title="bbox 928 212 981 252">
    <p class='ocr_par' dir='ltr' id='par_1_1' title="bbox 928 212 981 252">
     <span class='ocr_line' id='line_1_1' title="bbox 928 212 981 252; baseline 0 0"><span class='ocrx_word' id='word_1_1' title='bbox 928 212 981 252; x_wconf 84' lang='lat'>39</span> 
     </span>
    </p>
   </div>
   <div class='ocr_carea' id='block_1_2' title="bbox 184 326 1735 2470">
    <p class='ocr_par' dir='ltr' id='par_1_2' title="bbox 184 326 1735 734">
     <span class='ocr_line' id='line_1_2' title="bbox 184 326 1707 383; baseline -0.003 -11"><span class='ocrx_word' id='word_1_2' title='bbox 184 329 357 383; x_wconf 82' lang='lat' dir='ltr'>Thebas,</span> <span class='ocrx_word' id='word_1_3' title='bbox 388 341 482 371; x_wconf 86' lang='lat' dir='ltr'>cum</span> <span class='ocrx_word' id='word_1_4' title='bbox 515 327 719 381; x_wconf 81' lang='lat' dir='ltr'>Epidicus</span> <span class='ocrx_word' id='word_1_5' title='bbox 751 326 994 370; x_wconf 70' lang='lat' dir='ltr'>docebatur.</span> <span class='ocrx_word' id='word_1_6' title='bbox 1040 329 1121 369; x_wconf 85' lang='lat' dir='ltr'>iam</span> <span class='ocrx_word' id='word_1_7' title='bbox 1154 327 1304 368; x_wconf 79' lang='lat' dir='ltr'>multos</span> <span class='ocrx_word' id='word_1_8' title='bbox 1337 340 1467 367; x_wconf 84' lang='lat' dir='ltr'>annos</span> <span class='ocrx_word' id='word_1_9' title='bbox 1500 326 1707 368; x_wconf 83' lang='lat' dir='ltr'>restitutas</span> 
     </span>
     <span class='ocr_line' id='line_1_3' title="bbox 187 399 1735 456; baseline -0.003 -12"><span class='ocrx_word' id='word_1_10' title='bbox 187 403 317 445; x_wconf 84' lang='lat' dir='ltr'>fuisse</span> <span class='ocrx_word' id='word_1_11' title='bbox 358 401 458 443; x_wconf 87' lang='lat' dir='ltr'>inde</span> <span class='ocrx_word' id='word_1_12' title='bbox 490 404 678 455; x_wconf 83' lang='lat' dir='ltr'>apparet,</span> <span class='ocrx_word' id='word_1_13' title='bbox 721 399 831 453; x_wconf 84' lang='lat' dir='ltr'>quod</span> <span class='ocrx_word' id='word_1_14' title='bbox 875 399 930 439; x_wconf 90' lang='lat' dir='ltr'>ibi</span> <span class='ocrx_word' id='word_1_15' title='bbox 968 400 1157 456; x_wconf 78' lang='lat' dir='ltr'>Philippa</span> <span class='ocrx_word' id='word_1_16' title='bbox 1198 400 1326 441; x_wconf 84' lang='lat' dir='ltr'>tiliam</span> <span class='ocrx_word' id='word_1_17' title='bbox 1366 404 1504 454; x_wconf 74' lang='lat' dir='ltr'>postea</span> <span class='ocrx_word' id='word_1_18' title='bbox 1549 404 1708 454; x_wconf 75' lang='lat' dir='ltr'>captam</span> <span class='ocrx_word' id='word_1_19' title='bbox 1731 405 1735 420; x_wconf 48' lang='lat'>&#39;¹</span> 
     </span>
     <span class='ocr_line' id='line_1_4' title="bbox 187 459 1712 530; baseline -0.003 -14"><span class='ocrx_word' id='word_1_20' title='bbox 187 475 348 530; x_wconf 83' lang='lat' dir='ltr'>peperit</span> <span class='ocrx_word' id='word_1_21' title='bbox 393 475 444 524; x_wconf 87' lang='lat' dir='ltr'>(v.</span> <span class='ocrx_word' id='word_1_22' title='bbox 477 472 587 513; x_wconf 75' lang='lat'>636:</span> <span class='ocrx_word' id='word_1_23' title='bbox 638 474 779 512; x_wconf 65' lang='lat' dir='ltr'>nahmi</span> <span class='ocrx_word' id='word_1_24' title='bbox 830 471 996 519; x_wconf 60' lang='lat' dir='ltr'>Tlaffis,</span> <span class='ocrx_word' id='word_1_25' title='bbox 1042 459 1259 525; x_wconf 63' lang='lat' dir='ltr'>Epidauri.</span> <span class='ocrx_word' id='word_1_26' title='bbox 1303 471 1469 525; x_wconf 77' lang='lat' dir='ltr'>sulum).</span> <span class='ocrx_word' id='word_1_27' title='bbox 1542 471 1712 512; x_wconf 78' lang='lat' dir='ltr'>Restant</span> 
     </span>
     <span class='ocr_line' id='line_1_5' title="bbox 190 544 1710 603; baseline -0.003 -15"><span class='ocrx_word' id='word_1_28' title='bbox 190 547 322 602; x_wconf 88' lang='lat' dir='ltr'>igitur</span> <span class='ocrx_word' id='word_1_29' title='bbox 353 545 460 587; x_wconf 85' lang='lat' dir='ltr'>duae</span> <span class='ocrx_word' id='word_1_30' title='bbox 491 544 838 600; x_wconf 79' lang='lat' dir='ltr'>expugnationes,</span> <span class='ocrx_word' id='word_1_31' title='bbox 869 544 995 585; x_wconf 82' lang='lat' dir='ltr'>altera</span> <span class='ocrx_word' id='word_1_32' title='bbox 1027 560 1059 586; x_wconf 79' lang='lat' dir='ltr'>a.</span> <span class='ocrx_word' id='word_1_33' title='bbox 1091 545 1202 603; x_wconf 83' lang='grc'><strong>293,</strong></span> <span class='ocrx_word' id='word_1_34' title='bbox 1248 545 1375 586; x_wconf 87' lang='lat' dir='ltr'>altera</span> <span class='ocrx_word' id='word_1_35' title='bbox 1407 559 1442 585; x_wconf 87' lang='lat' dir='ltr'>a.</span> <span class='ocrx_word' id='word_1_36' title='bbox 1476 545 1558 584; x_wconf 77' lang='grc'>290</span> <span class='ocrx_word' id='word_1_37' title='bbox 1591 545 1710 593; x_wconf 79' lang='lat' dir='ltr'>faeta,</span> 
     </span>
     <span class='ocr_line' id='line_1_6' title="bbox 191 605 1712 675; baseline -0.003 -14"><span class='ocrx_word' id='word_1_38' title='bbox 191 631 369 675; x_wconf 84' lang='lat' dir='ltr'>quarum</span> <span class='ocrx_word' id='word_1_39' title='bbox 431 621 606 672; x_wconf 88' lang='lat' dir='ltr'>utraque</span> <span class='ocrx_word' id='word_1_40' title='bbox 662 621 707 658; x_wconf 89' lang='lat' dir='ltr'>ut</span> <span class='ocrx_word' id='word_1_41' title='bbox 754 616 805 657; x_wconf 87' lang='lat' dir='ltr'>ad</span> <span class='ocrx_word' id='word_1_42' title='bbox 852 605 956 658; x_wconf 62' lang='lat' dir='ltr'>hisne</span> <span class='ocrx_word' id='word_1_43' title='bbox 998 605 1179 659; x_wconf 77' lang='lat' dir='ltr'>fabulam</span> <span class='ocrx_word' id='word_1_44' title='bbox 1219 618 1419 659; x_wconf 89' lang='lat' dir='ltr'>referatur</span> <span class='ocrx_word' id='word_1_45' title='bbox 1460 607 1582 658; x_wconf 89' lang='lat' dir='ltr'>habet</span> <span class='ocrx_word' id='word_1_46' title='bbox 1631 629 1712 669; x_wconf 90' lang='lat' dir='ltr'>quo</span> 
     </span>
     <span class='ocr_line' id='line_1_7' title="bbox 192 691 521 734; baseline -0.009 0"><span class='ocrx_word' id='word_1_47' title='bbox 192 691 521 734; x_wconf 86' lang='lat' dir='ltr'>commendetur.</span> 
     </span>
    </p>

    <p class='ocr_par' dir='ltr' id='par_1_3' title="bbox 193 761 1722 1757">
     <span class='ocr_line' id='line_1_8' title="bbox 307 761 1716 819; baseline -0.002 -14"><span class='ocrx_word' id='word_1_48' title='bbox 307 761 550 805; x_wconf 87' lang='lat' dir='ltr'>Demetrius</span> <span class='ocrx_word' id='word_1_49' title='bbox 581 762 834 803; x_wconf 81' lang='lat' dir='ltr'>Poliorcetes</span> <span class='ocrx_word' id='word_1_50' title='bbox 876 774 969 803; x_wconf 89' lang='lat' dir='ltr'>cum</span> <span class='ocrx_word' id='word_1_51' title='bbox 1003 776 1035 803; x_wconf 83' lang='lat' dir='ltr'>a.</span> <span class='ocrx_word' id='word_1_52' title='bbox 1069 763 1152 819; x_wconf 83' lang='grc'>294</span> <span class='ocrx_word' id='word_1_53' title='bbox 1194 774 1216 803; x_wconf 91' lang='lat' dir='ltr'>e</span> <span class='ocrx_word' id='word_1_54' title='bbox 1248 761 1421 802; x_wconf 77' lang='lat' dir='ltr'>Graecia</span> <span class='ocrx_word' id='word_1_55' title='bbox 1453 761 1629 811; x_wconf 87' lang='lat' dir='ltr'>abisset,</span> <span class='ocrx_word' id='word_1_56' title='bbox 1671 766 1716 802; x_wconf 91' lang='lat' dir='ltr'>ut</span> 
     </span>
     <span class='ocr_line' id='line_1_9' title="bbox 193 818 1714 890; baseline -0.002 -13"><span class='ocrx_word' id='word_1_57' title='bbox 193 847 326 890; x_wconf 88' lang='lat' dir='ltr'>regno</span> <span class='ocrx_word' id='word_1_58' title='bbox 358 834 635 876; x_wconf 80' lang='lat' dir='ltr'>Macedonum</span> <span class='ocrx_word' id='word_1_59' title='bbox 667 829 880 888; x_wconf 86' lang='lat' dir='ltr'>potiretur,</span> <span class='ocrx_word' id='word_1_60' title='bbox 911 833 1085 887; x_wconf 84' lang='lat' dir='ltr'>Thebae,</span> <span class='ocrx_word' id='word_1_61' title='bbox 1110 818 1199 888; x_wconf 28' lang='lat' dir='ltr'>*quo</span> <span class='ocrx_word' id='word_1_62' title='bbox 1231 832 1433 874; x_wconf 79' lang='lat' dir='ltr'>Laehares</span> <span class='ocrx_word' id='word_1_63' title='bbox 1466 834 1714 887; x_wconf 73' lang='lat' dir='ltr'>profugerat,</span> 
     </span>
     <span class='ocr_line' id='line_1_10' title="bbox 195 905 1716 961; baseline -0.003 -11"><span class='ocrx_word' id='word_1_64' title='bbox 195 906 473 961; x_wconf 86' lang='lat' dir='ltr'>Cleonymum</span> <span class='ocrx_word' id='word_1_65' title='bbox 514 906 891 948; x_wconf 88' lang='lat' dir='ltr'>Lacedaemonium</span> <span class='ocrx_word' id='word_1_66' title='bbox 937 919 1030 947; x_wconf 89' lang='lat' dir='ltr'>eum</span> <span class='ocrx_word' id='word_1_67' title='bbox 1084 907 1271 948; x_wconf 84' lang='lat' dir='ltr'>exercitu</span> <span class='ocrx_word' id='word_1_68' title='bbox 1311 905 1601 946; x_wconf 82' lang='lat' dir='ltr'>advenientem</span> <span class='ocrx_word' id='word_1_69' title='bbox 1644 918 1716 946; x_wconf 84' lang='lat' dir='ltr'>cx-</span> 
     </span>
     <span class='ocr_line' id='line_1_11' title="bbox 195 978 1715 1036; baseline -0.003 -13"><span class='ocrx_word' id='word_1_70' title='bbox 195 983 392 1036; x_wconf 84' lang='lat' dir='ltr'>ceperant</span> <span class='ocrx_word' id='word_1_71' title='bbox 421 983 663 1034; x_wconf 88' lang='lat' dir='ltr'>ceterasque</span> <span class='ocrx_word' id='word_1_72' title='bbox 692 978 891 1020; x_wconf 74' lang='lat' dir='ltr'>Boeotiae</span> <span class='ocrx_word' id='word_1_73' title='bbox 923 979 1113 1020; x_wconf 83' lang='lat' dir='ltr'>civitates</span> <span class='ocrx_word' id='word_1_74' title='bbox 1143 983 1464 1029; x_wconf 79' lang='lat' dir='ltr'>commoverant,</span> <span class='ocrx_word' id='word_1_75' title='bbox 1500 982 1543 1019; x_wconf 93' lang='lat' dir='ltr'>ut</span> <span class='ocrx_word' id='word_1_76' title='bbox 1574 990 1715 1032; x_wconf 88' lang='lat' dir='ltr'>pacem</span> 
     </span>
     <span class='ocr_line' id='line_1_12' title="bbox 196 1050 1716 1108; baseline -0.002 -14"><span class='ocrx_word' id='word_1_77' title='bbox 196 1052 320 1108; x_wconf 84' lang='lat' dir='ltr'>paulo</span> <span class='ocrx_word' id='word_1_78' title='bbox 366 1056 462 1094; x_wconf 89' lang='lat' dir='ltr'>ante</span> <span class='ocrx_word' id='word_1_79' title='bbox 508 1065 603 1093; x_wconf 88' lang='lat' dir='ltr'>cum</span> <span class='ocrx_word' id='word_1_80' title='bbox 647 1050 861 1093; x_wconf 83' lang='lat' dir='ltr'>Demetrio</span> <span class='ocrx_word' id='word_1_81' title='bbox 903 1052 1163 1093; x_wconf 72' lang='lat' dir='ltr'>conciliatam</span> <span class='ocrx_word' id='word_1_82' title='bbox 1204 1050 1457 1092; x_wconf 76' lang='lat' dir='ltr'>dirimerent.</span> <span class='ocrx_word' id='word_1_83' title='bbox 1529 1050 1621 1099; x_wconf 86' lang='lat' dir='ltr'>Qua</span> <span class='ocrx_word' id='word_1_84' title='bbox 1673 1063 1716 1091; x_wconf 90' lang='lat' dir='ltr'>re</span> 
     </span>
     <span class='ocr_line' id='line_1_13' title="bbox 196 1121 1717 1180; baseline -0.003 -14"><span class='ocrx_word' id='word_1_85' title='bbox 196 1125 366 1180; x_wconf 85' lang='lat' dir='ltr'>cognita</span> <span class='ocrx_word' id='word_1_86' title='bbox 395 1124 433 1166; x_wconf 89' lang='lat' dir='ltr'>is</span> <span class='ocrx_word' id='word_1_87' title='bbox 463 1123 584 1165; x_wconf 91' lang='lat' dir='ltr'>initio</span> <span class='ocrx_word' id='word_1_88' title='bbox 616 1124 714 1164; x_wconf 86' lang='lat' dir='ltr'>anni</span> <span class='ocrx_word' id='word_1_89' title='bbox 749 1123 831 1164; x_wconf 89' lang='grc'>293</span> <span class='ocrx_word' id='word_1_90' title='bbox 863 1136 916 1164; x_wconf 83' lang='lat' dir='ltr'>ex</span> <span class='ocrx_word' id='word_1_91' title='bbox 949 1123 1193 1164; x_wconf 83' lang='lat' dir='ltr'>Macedonia</span> <span class='ocrx_word' id='word_1_92' title='bbox 1223 1123 1428 1177; x_wconf 87' lang='lat' dir='ltr'>profectus</span> <span class='ocrx_word' id='word_1_93' title='bbox 1467 1121 1582 1163; x_wconf 89' lang='lat' dir='ltr'>brevi</span> <span class='ocrx_word' id='word_1_94' title='bbox 1615 1125 1717 1163; x_wconf 89' lang='lat' dir='ltr'>tem-</span> 
     </span>
     <span class='ocr_line' id='line_1_14' title="bbox 198 1195 1720 1253; baseline -0.003 -14"><span class='ocrx_word' id='word_1_95' title='bbox 198 1209 297 1253; x_wconf 86' lang='lat' dir='ltr'>pore</span> <span class='ocrx_word' id='word_1_96' title='bbox 339 1200 380 1239; x_wconf 90' lang='lat' dir='ltr'>et</span> <span class='ocrx_word' id='word_1_97' title='bbox 410 1196 628 1238; x_wconf 85' lang='lat' dir='ltr'>Boeotiam</span> <span class='ocrx_word' id='word_1_98' title='bbox 660 1195 829 1250; x_wconf 82' lang='lat' dir='ltr'>subegit</span> <span class='ocrx_word' id='word_1_99' title='bbox 870 1199 911 1236; x_wconf 91' lang='lat' dir='ltr'>et</span> <span class='ocrx_word' id='word_1_100' title='bbox 938 1195 1154 1237; x_wconf 82' lang='lat' dir='ltr'>Thebanos</span> <span class='ocrx_word' id='word_1_101' title='bbox 1196 1195 1248 1236; x_wconf 88' lang='lat' dir='ltr'>ad</span> <span class='ocrx_word' id='word_1_102' title='bbox 1288 1195 1541 1236; x_wconf 85' lang='lat' dir='ltr'>deditionem</span> <span class='ocrx_word' id='word_1_103' title='bbox 1583 1195 1720 1249; x_wconf 81' lang='lat' dir='ltr'>coegit</span> 
     </span>
     <span class='ocr_line' id='line_1_15' title="bbox 198 1267 1718 1325; baseline -0.003 -13"><span class='ocrx_word' id='word_1_104' title='bbox 198 1273 323 1325; x_wconf 87' lang='lat' dir='ltr'>atque</span> <span class='ocrx_word' id='word_1_105' title='bbox 354 1283 509 1324; x_wconf 85' lang='lat' dir='ltr'>magna</span> <span class='ocrx_word' id='word_1_106' title='bbox 539 1269 691 1324; x_wconf 88' lang='lat' dir='ltr'>praeda</span> <span class='ocrx_word' id='word_1_107' title='bbox 723 1269 935 1323; x_wconf 86' lang='lat' dir='ltr'>deportata</span> <span class='ocrx_word' id='word_1_108' title='bbox 966 1269 1267 1323; x_wconf 81' lang='lat' dir='ltr'>praesidiisque</span> <span class='ocrx_word' id='word_1_109' title='bbox 1307 1269 1350 1308; x_wconf 89' lang='lat' dir='ltr'>in</span> <span class='ocrx_word' id='word_1_110' title='bbox 1391 1267 1562 1308; x_wconf 80' lang='lat' dir='ltr'>urbibus</span> <span class='ocrx_word' id='word_1_111' title='bbox 1594 1267 1718 1308; x_wconf 89' lang='lat' dir='ltr'>collo-</span> 
     </span>
     <span class='ocr_line' id='line_1_16' title="bbox 199 1339 1718 1395; baseline -0.003 -10"><span class='ocrx_word' id='word_1_112' title='bbox 199 1343 303 1385; x_wconf 84' lang='lat' dir='ltr'>catis</span> <span class='ocrx_word' id='word_1_113' title='bbox 333 1343 505 1384; x_wconf 87' lang='lat' dir='ltr'>revertit</span> <span class='ocrx_word' id='word_1_114' title='bbox 534 1342 577 1382; x_wconf 88' lang='lat' dir='ltr'>iu</span> <span class='ocrx_word' id='word_1_115' title='bbox 611 1341 910 1383; x_wconf 89' lang='lat' dir='ltr'>Macedoniam.</span> <span class='ocrx_word' id='word_1_116' title='bbox 973 1340 1053 1382; x_wconf 84' lang='lat' dir='ltr'>Sed</span> <span class='ocrx_word' id='word_1_117' title='bbox 1094 1354 1188 1382; x_wconf 91' lang='lat' dir='ltr'>cum</span> <span class='ocrx_word' id='word_1_118' title='bbox 1231 1340 1351 1395; x_wconf 87' lang='lat' dir='ltr'>paulo</span> <span class='ocrx_word' id='word_1_119' title='bbox 1395 1344 1484 1394; x_wconf 88' lang='lat' dir='ltr'>post</span> <span class='ocrx_word' id='word_1_120' title='bbox 1521 1340 1563 1380; x_wconf 90' lang='lat' dir='ltr'>in</span> <span class='ocrx_word' id='word_1_121' title='bbox 1593 1339 1718 1380; x_wconf 88' lang='lat' dir='ltr'>Thra-</span> 
     </span>
     <span class='ocr_line' id='line_1_17' title="bbox 200 1407 1718 1467; baseline -0.003 -13"><span class='ocrx_word' id='word_1_122' title='bbox 200 1413 307 1455; x_wconf 84' lang='lat' dir='ltr'>ciam</span> <span class='ocrx_word' id='word_1_123' title='bbox 351 1411 662 1467; x_wconf 82' lang='lat' dir='ltr'>expeditionem</span> <span class='ocrx_word' id='word_1_124' title='bbox 700 1411 876 1465; x_wconf 87' lang='lat' dir='ltr'>faeeret,</span> <span class='ocrx_word' id='word_1_125' title='bbox 918 1411 1064 1452; x_wconf 83' lang='lat' dir='ltr'>Boeoti</span> <span class='ocrx_word' id='word_1_126' title='bbox 1106 1411 1243 1452; x_wconf 90' lang='lat' dir='ltr'>denuo</span> <span class='ocrx_word' id='word_1_127' title='bbox 1290 1408 1532 1451; x_wconf 87' lang='lat' dir='ltr'>defecerunt</span> <span class='ocrx_word' id='word_1_128' title='bbox 1583 1412 1623 1450; x_wconf 89' lang='lat' dir='ltr'>et</span> <span class='ocrx_word' id='word_1_129' title='bbox 1667 1407 1718 1449; x_wconf 89' lang='lat' dir='ltr'>ab</span> 
     </span>
     <span class='ocr_line' id='line_1_18' title="bbox 203 1481 1722 1541; baseline -0.004 -14"><span class='ocrx_word' id='word_1_130' title='bbox 203 1485 415 1541; x_wconf 88' lang='lat' dir='ltr'>Antigono</span> <span class='ocrx_word' id='word_1_131' title='bbox 438 1484 600 1526; x_wconf 86' lang='lat' dir='ltr'>Gonata</span> <span class='ocrx_word' id='word_1_132' title='bbox 630 1485 688 1526; x_wconf 88' lang='lat' dir='ltr'>ita</span> <span class='ocrx_word' id='word_1_133' title='bbox 719 1484 914 1526; x_wconf 88' lang='lat' dir='ltr'>debellati</span> <span class='ocrx_word' id='word_1_134' title='bbox 945 1488 1053 1537; x_wconf 87' lang='lat' dir='ltr'>sunt,</span> <span class='ocrx_word' id='word_1_135' title='bbox 1085 1486 1130 1525; x_wconf 90' lang='lat' dir='ltr'>ut</span> <span class='ocrx_word' id='word_1_136' title='bbox 1147 1482 1311 1524; x_wconf 84' lang='lat' dir='ltr'>Thebae</span> <span class='ocrx_word' id='word_1_137' title='bbox 1343 1481 1454 1523; x_wconf 88' lang='lat' dir='ltr'>solae</span> <span class='ocrx_word' id='word_1_138' title='bbox 1483 1482 1722 1523; x_wconf 81' lang='lat' dir='ltr'>resisterent</span> 
     </span>
     <span class='ocr_line' id='line_1_19' title="bbox 201 1552 1721 1613; baseline -0.005 -13"><span class='ocrx_word' id='word_1_139' title='bbox 201 1561 327 1613; x_wconf 87' lang='lat' dir='ltr'>atque</span> <span class='ocrx_word' id='word_1_140' title='bbox 367 1557 538 1599; x_wconf 89' lang='lat' dir='ltr'>demum</span> <span class='ocrx_word' id='word_1_141' title='bbox 578 1571 612 1598; x_wconf 87' lang='lat' dir='ltr'>a.</span> <span class='ocrx_word' id='word_1_142' title='bbox 645 1557 751 1610; x_wconf 81' lang='lat'>290,</span> <span class='ocrx_word' id='word_1_143' title='bbox 797 1569 892 1598; x_wconf 88' lang='lat' dir='ltr'>cum</span> <span class='ocrx_word' id='word_1_144' title='bbox 924 1555 1161 1597; x_wconf 88' lang='lat' dir='ltr'>Demetrius</span> <span class='ocrx_word' id='word_1_145' title='bbox 1201 1555 1285 1596; x_wconf 87' lang='lat' dir='ltr'>acri</span> <span class='ocrx_word' id='word_1_146' title='bbox 1326 1554 1463 1595; x_wconf 86' lang='lat' dir='ltr'>studio</span> <span class='ocrx_word' id='word_1_147' title='bbox 1506 1553 1604 1594; x_wconf 88' lang='lat' dir='ltr'>satis</span> <span class='ocrx_word' id='word_1_148' title='bbox 1649 1552 1721 1593; x_wconf 88' lang='lat' dir='ltr'>diu</span> 
     </span>
     <span class='ocr_line' id='line_1_20' title="bbox 203 1625 1722 1686; baseline -0.005 -14"><span class='ocrx_word' id='word_1_149' title='bbox 203 1633 496 1686; x_wconf 83' lang='lat' dir='ltr'>oppugnasset,</span> <span class='ocrx_word' id='word_1_150' title='bbox 526 1633 773 1684; x_wconf 85' lang='lat' dir='ltr'>caperentur</span> <span class='ocrx_word' id='word_1_151' title='bbox 804 1629 866 1682; x_wconf 83' lang='lat' dir='ltr'>(cf.</span> <span class='ocrx_word' id='word_1_152' title='bbox 888 1628 1234 1670; x_wconf 83' lang='lat' dir='ltr'>Wilamowitzius</span> <span class='ocrx_word' id='word_1_153' title='bbox 1257 1628 1354 1668; x_wconf 87' lang='lat' dir='ltr'>Ant.</span> <span class='ocrx_word' id='word_1_154' title='bbox 1381 1640 1417 1669; x_wconf 91' lang='lat' dir='ltr'>v.</span> <span class='ocrx_word' id='word_1_155' title='bbox 1441 1625 1539 1667; x_wconf 88' lang='lat' dir='ltr'>Kar.</span> <span class='ocrx_word' id='word_1_156' title='bbox 1568 1639 1604 1680; x_wconf 90' lang='lat' dir='ltr'>p.</span> <span class='ocrx_word' id='word_1_157' title='bbox 1627 1626 1722 1679; x_wconf 84' lang='lat'>242,</span> 
     </span>
     <span class='ocr_line' id='line_1_21' title="bbox 203 1699 873 1757; baseline -0.003 -13"><span class='ocrx_word' id='word_1_158' title='bbox 203 1702 375 1745; x_wconf 87' lang='lat' dir='ltr'>Niesius</span> <span class='ocrx_word' id='word_1_159' title='bbox 406 1716 442 1757; x_wconf 89' lang='lat' dir='ltr'>p.</span> <span class='ocrx_word' id='word_1_160' title='bbox 475 1701 557 1743; x_wconf 91' lang='grc'>366</span> <span class='ocrx_word' id='word_1_161' title='bbox 591 1705 632 1743; x_wconf 87' lang='lat' dir='ltr'>et</span> <span class='ocrx_word' id='word_1_162' title='bbox 663 1701 745 1743; x_wconf 82' lang='lat'>369</span> <span class='ocrx_word' id='word_1_163' title='bbox 778 1699 873 1756; x_wconf 62' lang='lat' dir='ltr'>sq).</span> 
     </span>
    </p>

    <p class='ocr_par' dir='ltr' id='par_1_4' title="bbox 205 1771 1729 2470">
     <span class='ocr_line' id='line_1_22' title="bbox 322 1771 1722 1830; baseline -0.004 -14"><span class='ocrx_word' id='word_1_164' title='bbox 322 1776 458 1830; x_wconf 88' lang='lat' dir='ltr'>Atque</span> <span class='ocrx_word' id='word_1_165' title='bbox 501 1774 553 1816; x_wconf 89' lang='lat' dir='ltr'>ad</span> <span class='ocrx_word' id='word_1_166' title='bbox 596 1773 819 1829; x_wconf 86' lang='lat' dir='ltr'>Epidicum</span> <span class='ocrx_word' id='word_1_167' title='bbox 864 1776 905 1814; x_wconf 88' lang='lat' dir='ltr'>et</span> <span class='ocrx_word' id='word_1_168' title='bbox 945 1786 978 1814; x_wconf 91' lang='lat' dir='ltr'>a.</span> <span class='ocrx_word' id='word_1_169' title='bbox 1012 1773 1094 1813; x_wconf 92' lang='grc'>293</span> <span class='ocrx_word' id='word_1_170' title='bbox 1138 1775 1180 1814; x_wconf 86' lang='lat' dir='ltr'>et</span> <span class='ocrx_word' id='word_1_171' title='bbox 1217 1785 1251 1813; x_wconf 90' lang='lat' dir='ltr'>a.</span> <span class='ocrx_word' id='word_1_172' title='bbox 1284 1771 1366 1829; x_wconf 77' lang='grc'>296</span> <span class='ocrx_word' id='word_1_173' title='bbox 1410 1771 1553 1812; x_wconf 88' lang='lat' dir='ltr'>referri</span> <span class='ocrx_word' id='word_1_174' title='bbox 1605 1781 1722 1825; x_wconf 88' lang='lat' dir='ltr'>posse</span> 
     </span>
     <span class='ocr_line' id='line_1_23' title="bbox 205 1829 1723 1902; baseline -0.005 -11"><span class='ocrx_word' id='word_1_175' title='bbox 205 1847 354 1902; x_wconf 87' lang='lat' dir='ltr'>elucet,</span> <span class='ocrx_word' id='word_1_176' title='bbox 385 1847 585 1902; x_wconf 88' lang='lat' dir='ltr'>quoniam</span> <span class='ocrx_word' id='word_1_177' title='bbox 617 1829 913 1888; x_wconf 39' lang='lat' dir='ltr'>iamffndessib</span> <span class='ocrx_word' id='word_1_178' title='bbox 945 1859 980 1886; x_wconf 90' lang='lat' dir='ltr'>a.</span> <span class='ocrx_word' id='word_1_179' title='bbox 1015 1845 1098 1885; x_wconf 80' lang='grc'>294</span> <span class='ocrx_word' id='word_1_180' title='bbox 1129 1844 1319 1886; x_wconf 85' lang='lat' dir='ltr'>Athenae</span> <span class='ocrx_word' id='word_1_181' title='bbox 1349 1843 1556 1897; x_wconf 86' lang='lat' dir='ltr'>praesidio</span> <span class='ocrx_word' id='word_1_182' title='bbox 1587 1855 1723 1884; x_wconf 90' lang='lat' dir='ltr'>mace-</span> 
     </span>
     <span class='ocr_line' id='line_1_24' title="bbox 206 1914 1724 1970; baseline -0.005 -8"><span class='ocrx_word' id='word_1_183' title='bbox 206 1919 356 1962; x_wconf 90' lang='lat' dir='ltr'>donico</span> <span class='ocrx_word' id='word_1_184' title='bbox 387 1920 430 1961; x_wconf 86' lang='lat' dir='ltr'>in</span> <span class='ocrx_word' id='word_1_185' title='bbox 464 1918 609 1961; x_wconf 87' lang='lat' dir='ltr'>Museo</span> <span class='ocrx_word' id='word_1_186' title='bbox 641 1919 840 1960; x_wconf 89' lang='lat' dir='ltr'>collocato</span> <span class='ocrx_word' id='word_1_187' title='bbox 872 1918 949 1959; x_wconf 92' lang='lat' dir='ltr'>sub</span> <span class='ocrx_word' id='word_1_188' title='bbox 977 1917 1182 1959; x_wconf 85' lang='lat' dir='ltr'>Demetrii</span> <span class='ocrx_word' id='word_1_189' title='bbox 1212 1916 1387 1970; x_wconf 88' lang='lat' dir='ltr'>imperio</span> <span class='ocrx_word' id='word_1_190' title='bbox 1419 1914 1724 1967; x_wconf 85' lang='lat' dir='ltr'>tenebantur*).</span> 
     </span>
     <span class='ocr_line' id='line_1_25' title="bbox 205 1987 1724 2046; baseline -0.004 -12"><span class='ocrx_word' id='word_1_191' title='bbox 205 1992 302 2034; x_wconf 89' lang='lat' dir='ltr'>Non</span> <span class='ocrx_word' id='word_1_192' title='bbox 332 1992 543 2034; x_wconf 87' lang='lat' dir='ltr'>attulerim</span> <span class='ocrx_word' id='word_1_193' title='bbox 582 2004 654 2046; x_wconf 92' lang='lat' dir='ltr'>pro</span> <span class='ocrx_word' id='word_1_194' title='bbox 685 2003 795 2032; x_wconf 83' lang='lat' dir='ltr'>anno</span> <span class='ocrx_word' id='word_1_195' title='bbox 828 1992 910 2031; x_wconf 91' lang='grc'>293</span> <span class='ocrx_word' id='word_1_196' title='bbox 946 1990 1218 2031; x_wconf 85' lang='lat' dir='ltr'>Athenienses</span> <span class='ocrx_word' id='word_1_197' title='bbox 1249 1987 1423 2029; x_wconf 88' lang='lat' dir='ltr'>Lachari</span> <span class='ocrx_word' id='word_1_198' title='bbox 1453 1987 1604 2028; x_wconf 88' lang='lat' dir='ltr'>Thebis</span> <span class='ocrx_word' id='word_1_199' title='bbox 1635 1999 1724 2028; x_wconf 89' lang='lat' dir='ltr'>ver-</span> 
     </span>
     <span class='ocr_line' id='line_1_26' title="bbox 207 2059 1727 2116; baseline -0.005 -10"><span class='ocrx_word' id='word_1_200' title='bbox 207 2065 317 2106; x_wconf 87' lang='lat' dir='ltr'>santi</span> <span class='ocrx_word' id='word_1_201' title='bbox 357 2064 673 2105; x_wconf 89' lang='lat' dir='ltr'>inimicissimos</span> <span class='ocrx_word' id='word_1_202' title='bbox 711 2063 863 2116; x_wconf 87' lang='lat' dir='ltr'>fuisse,</span> <span class='ocrx_word' id='word_1_203' title='bbox 906 2076 1001 2104; x_wconf 86' lang='lat' dir='ltr'>nam</span> <span class='ocrx_word' id='word_1_204' title='bbox 1047 2063 1118 2102; x_wconf 84' lang='lat' dir='ltr'>vix</span> <span class='ocrx_word' id='word_1_205' title='bbox 1149 2061 1286 2116; x_wconf 88' lang='lat' dir='ltr'>magis</span> <span class='ocrx_word' id='word_1_206' title='bbox 1315 2059 1512 2101; x_wconf 87' lang='lat' dir='ltr'>favebant</span> <span class='ocrx_word' id='word_1_207' title='bbox 1550 2059 1610 2112; x_wconf 91' lang='lat' dir='ltr'>ei,</span> <span class='ocrx_word' id='word_1_208' title='bbox 1654 2059 1727 2112; x_wconf 90' lang='lat' dir='ltr'>qui</span> 
     </span>
     <span class='ocr_line' id='line_1_27' title="bbox 207 2133 1726 2193; baseline -0.005 -14"><span class='ocrx_word' id='word_1_209' title='bbox 207 2138 394 2193; x_wconf 87' lang='lat' dir='ltr'>ipsorum</span> <span class='ocrx_word' id='word_1_210' title='bbox 437 2136 584 2178; x_wconf 90' lang='lat' dir='ltr'>urbem</span> <span class='ocrx_word' id='word_1_211' title='bbox 627 2136 803 2177; x_wconf 88' lang='lat' dir='ltr'>antehac</span> <span class='ocrx_word' id='word_1_212' title='bbox 844 2135 1017 2177; x_wconf 87' lang='lat' dir='ltr'>liberam</span> <span class='ocrx_word' id='word_1_213' title='bbox 1058 2133 1263 2175; x_wconf 89' lang='lat' dir='ltr'>militibus</span> <span class='ocrx_word' id='word_1_214' title='bbox 1302 2133 1388 2175; x_wconf 87' lang='lat' dir='ltr'>suis</span> <span class='ocrx_word' id='word_1_215' title='bbox 1431 2135 1726 2186; x_wconf 81' lang='lat' dir='ltr'>occupaverat3</span> 
     </span>
     <span class='ocr_line' id='line_1_28' title="bbox 208 2204 1727 2272; baseline -0.006 -20"><span class='ocrx_word' id='word_1_216' title='bbox 208 2214 334 2265; x_wconf 86' lang='lat' dir='ltr'>atque</span> <span class='ocrx_word' id='word_1_217' title='bbox 366 2209 578 2272; x_wconf 56' lang='lat' dir='ltr'>utldicam</span> <span class='ocrx_word' id='word_1_218' title='bbox 609 2208 719 2263; x_wconf 88' lang='lat' dir='ltr'>quod</span> <span class='ocrx_word' id='word_1_219' title='bbox 752 2208 908 2262; x_wconf 89' lang='lat' dir='ltr'>sentio,</span> <span class='ocrx_word' id='word_1_220' title='bbox 952 2208 1054 2248; x_wconf 87' lang='lat' dir='ltr'>mihi</span> <span class='ocrx_word' id='word_1_221' title='bbox 1096 2219 1180 2248; x_wconf 88' lang='lat' dir='ltr'>non</span> <span class='ocrx_word' id='word_1_222' title='bbox 1217 2205 1430 2261; x_wconf 89' lang='lat' dir='ltr'>probabile</span> <span class='ocrx_word' id='word_1_223' title='bbox 1463 2204 1628 2245; x_wconf 89' lang='lat' dir='ltr'>videtur</span> <span class='ocrx_word' id='word_1_224' title='bbox 1658 2215 1727 2244; x_wconf 90' lang='lat' dir='ltr'>cos</span> 
     </span>
     <span class='ocr_line' id='line_1_29' title="bbox 208 2276 1728 2337; baseline -0.006 -12"><span class='ocrx_word' id='word_1_225' title='bbox 208 2295 286 2325; x_wconf 85' lang='lat' dir='ltr'>sua</span> <span class='ocrx_word' id='word_1_226' title='bbox 315 2285 464 2337; x_wconf 90' lang='lat' dir='ltr'>sponte</span> <span class='ocrx_word' id='word_1_227' title='bbox 495 2281 656 2323; x_wconf 85' lang='lat' dir='ltr'>auxilia</span> <span class='ocrx_word' id='word_1_228' title='bbox 687 2281 888 2323; x_wconf 86' lang='lat' dir='ltr'>adversus</span> <span class='ocrx_word' id='word_1_229' title='bbox 908 2280 1069 2321; x_wconf 83' lang='lat' dir='ltr'>Thebas</span> <span class='ocrx_word' id='word_1_230' title='bbox 1100 2279 1276 2333; x_wconf 85' lang='lat' dir='ltr'>misisse,</span> <span class='ocrx_word' id='word_1_231' title='bbox 1307 2291 1454 2320; x_wconf 87' lang='lat' dir='ltr'>verum</span> <span class='ocrx_word' id='word_1_232' title='bbox 1486 2277 1622 2331; x_wconf 88' lang='lat' dir='ltr'>potius</span> <span class='ocrx_word' id='word_1_233' title='bbox 1652 2276 1728 2316; x_wconf 90' lang='lat' dir='ltr'>im-</span> 
     </span>
     <span class='ocr_line' id='line_1_30' title="bbox 209 2349 1728 2411; baseline -0.007 -13"><span class='ocrx_word' id='word_1_234' title='bbox 209 2358 380 2411; x_wconf 85' lang='lat' dir='ltr'>perante</span> <span class='ocrx_word' id='word_1_235' title='bbox 411 2368 513 2410; x_wconf 88' lang='lat' dir='ltr'>rege</span> <span class='ocrx_word' id='word_1_236' title='bbox 544 2354 836 2397; x_wconf 80' lang='lat' dir='ltr'>Macedonum.</span> <span class='ocrx_word' id='word_1_237' title='bbox 898 2353 1030 2394; x_wconf 89' lang='lat' dir='ltr'>Multo</span> <span class='ocrx_word' id='word_1_238' title='bbox 1062 2352 1234 2406; x_wconf 84' lang='lat' dir='ltr'>gravius</span> <span class='ocrx_word' id='word_1_239' title='bbox 1274 2354 1360 2404; x_wconf 90' lang='lat' dir='ltr'>est,</span> <span class='ocrx_word' id='word_1_240' title='bbox 1400 2349 1510 2404; x_wconf 87' lang='lat' dir='ltr'>quod</span> <span class='ocrx_word' id='word_1_241' title='bbox 1550 2349 1728 2403; x_wconf 89' lang='lat' dir='ltr'>priorem</span> 
     </span>
     <span class='ocr_line' id='line_1_31' title="bbox 208 2421 1729 2470; baseline -0.006 0"><span class='ocrx_word' id='word_1_242' title='bbox 208 2427 462 2470; x_wconf 89' lang='lat' dir='ltr'>Boeotorum</span> <span class='ocrx_word' id='word_1_243' title='bbox 502 2428 749 2470; x_wconf 86' lang='lat' dir='ltr'>seditionem</span> <span class='ocrx_word' id='word_1_244' title='bbox 782 2427 1021 2470; x_wconf 88' lang='lat' dir='ltr'>Demetrius</span> <span class='ocrx_word' id='word_1_245' title='bbox 1054 2424 1305 2466; x_wconf 88' lang='lat' dir='ltr'>Poliorcetes</span> <span class='ocrx_word' id='word_1_246' title='bbox 1349 2426 1431 2464; x_wconf 86' lang='lat' dir='ltr'>tam</span> <span class='ocrx_word' id='word_1_247' title='bbox 1471 2421 1587 2463; x_wconf 89' lang='lat' dir='ltr'>brevi</span> <span class='ocrx_word' id='word_1_248' title='bbox 1627 2423 1729 2462; x_wconf 91' lang='lat' dir='ltr'>tem—</span> 
     </span>
    </p>
   </div>
   <div class='ocr_carea' id='block_1_3' title="bbox 213 2561 486 2568">
    <p class='ocr_par' dir='ltr' id='par_1_5' title="bbox 213 2561 486 2568">
     <span class='ocr_line' id='line_1_32' title="bbox 213 2561 486 2568; baseline 0 705"><span class='ocrx_word' id='word_1_249' title='bbox 213 2561 486 2568; x_wconf 95' lang='lat' dir='ltr'> </span> 
     </span>
    </p>
   </div>
   <div class='ocr_carea' id='block_1_4' title="bbox 206 2633 1734 2996">
    <p class='ocr_par' dir='ltr' id='par_1_6' title="bbox 207 2633 1734 2864">
     <span class='ocr_line' id='line_1_33' title="bbox 207 2633 1734 2688; baseline -0.007 -9"><span class='ocrx_word' id='word_1_250' title='bbox 207 2645 289 2688; x_wconf 81' lang='lat'>208,</span> <span class='ocrx_word' id='word_1_251' title='bbox 314 2645 385 2679; x_wconf 83' lang='lat'>210</span> <span class='ocrx_word' id='word_1_252' title='bbox 410 2653 510 2687; x_wconf 83' lang='lat' dir='ltr'>sqq.‚</span> <span class='ocrx_word' id='word_1_253' title='bbox 536 2653 607 2678; x_wconf 86' lang='lat' dir='ltr'>non</span> <span class='ocrx_word' id='word_1_254' title='bbox 634 2642 901 2677; x_wconf 86' lang='lat' dir='ltr'>mercennarios</span> <span class='ocrx_word' id='word_1_255' title='bbox 927 2650 1023 2683; x_wconf 90' lang='lat' dir='ltr'>csse,</span> <span class='ocrx_word' id='word_1_256' title='bbox 1059 2638 1184 2683; x_wconf 84' lang='lat' dir='ltr'>quales</span> <span class='ocrx_word' id='word_1_257' title='bbox 1219 2638 1298 2674; x_wconf 86' lang='lat' dir='ltr'>fere</span> <span class='ocrx_word' id='word_1_258' title='bbox 1333 2636 1369 2672; x_wconf 90' lang='lat' dir='ltr'>in</span> <span class='ocrx_word' id='word_1_259' title='bbox 1406 2634 1598 2672; x_wconf 87' lang='lat' dir='ltr'>comoediis</span> <span class='ocrx_word' id='word_1_260' title='bbox 1631 2633 1734 2675; x_wconf 75' lang='lat' dir='ltr'>indu,</span> 
     </span>
     <span class='ocr_line' id='line_1_34' title="bbox 209 2697 1732 2750; baseline -0.008 -8"><span class='ocrx_word' id='word_1_261' title='bbox 209 2709 360 2750; x_wconf 83' lang='lat' dir='ltr'>cuntur,</span> <span class='ocrx_word' id='word_1_262' title='bbox 395 2705 460 2742; x_wconf 83' lang='lat' dir='ltr'>sed</span> <span class='ocrx_word' id='word_1_263' title='bbox 496 2705 772 2741; x_wconf 86' lang='lat' dir='ltr'>Atheniensium</span> <span class='ocrx_word' id='word_1_264' title='bbox 807 2703 930 2748; x_wconf 87' lang='lat' dir='ltr'>copias</span> <span class='ocrx_word' id='word_1_265' title='bbox 964 2702 1009 2747; x_wconf 91' lang='lat' dir='ltr'>(v.</span> <span class='ocrx_word' id='word_1_266' title='bbox 1038 2704 1123 2736; x_wconf 81' lang='lat'>212:</span> <span class='ocrx_word' id='word_1_267' title='bbox 1153 2701 1250 2745; x_wconf 69' lang='lat' dir='ltr'>filios</span> <span class='ocrx_word' id='word_1_268' title='bbox 1282 2710 1368 2736; x_wconf 78' lang='lat' dir='ltr'>suos</span> <span class='ocrx_word' id='word_1_269' title='bbox 1402 2699 1551 2744; x_wconf 73' lang='lat' dir='ltr'>quisque</span> <span class='ocrx_word' id='word_1_270' title='bbox 1582 2697 1732 2745; x_wconf 72' lang='lat' dir='ltr'>viszmt),</span> 
     </span>
     <span class='ocr_line' id='line_1_35' title="bbox 209 2757 1732 2812; baseline -0.007 -10"><span class='ocrx_word' id='word_1_271' title='bbox 209 2776 299 2812; x_wconf 81' lang='lat' dir='ltr'>quas</span> <span class='ocrx_word' id='word_1_272' title='bbox 326 2766 454 2802; x_wconf 83' lang='lat' dir='ltr'>civitas</span> <span class='ocrx_word' id='word_1_273' title='bbox 478 2766 560 2812; x_wconf 83' lang='lat' dir='ltr'>ipsa</span> <span class='ocrx_word' id='word_1_274' title='bbox 585 2765 835 2802; x_wconf 82' lang='lat' dir='ltr'>obsidentibus</span> <span class='ocrx_word' id='word_1_275' title='bbox 863 2763 1024 2800; x_wconf 83' lang='lat' dir='ltr'>subsidio</span> <span class='ocrx_word' id='word_1_276' title='bbox 1043 2762 1200 2806; x_wconf 78' lang='lat' dir='ltr'>miserit3</span> <span class='ocrx_word' id='word_1_277' title='bbox 1238 2773 1321 2797; x_wconf 86' lang='lat' dir='ltr'>nam</span> <span class='ocrx_word' id='word_1_278' title='bbox 1346 2761 1434 2796; x_wconf 87' lang='lat' dir='ltr'>urbe</span> <span class='ocrx_word' id='word_1_279' title='bbox 1461 2759 1584 2795; x_wconf 80' lang='lat' dir='ltr'>dedita</span> <span class='ocrx_word' id='word_1_280' title='bbox 1609 2757 1732 2793; x_wconf 86' lang='lat' dir='ltr'>statim</span> 
     </span>
     <span class='ocr_line' id='line_1_36' title="bbox 208 2827 623 2864; baseline -0.002 0"><span class='ocrx_word' id='word_1_281' title='bbox 208 2827 354 2864; x_wconf 86' lang='lat' dir='ltr'>domum</span> <span class='ocrx_word' id='word_1_282' title='bbox 379 2831 623 2864; x_wconf 87' lang='lat' dir='ltr'>revertuntur.</span> 
     </span>
    </p>

    <p class='ocr_par' dir='ltr' id='par_1_7' title="bbox 206 2880 1732 2996">
     <span class='ocr_line' id='line_1_37' title="bbox 326 2880 1732 2936; baseline -0.009 -10"><span class='ocrx_word' id='word_1_283' title='bbox 326 2889 360 2936; x_wconf 85' lang='lat'>*)</span> <span class='ocrx_word' id='word_1_284' title='bbox 386 2889 465 2925; x_wconf 91' lang='lat' dir='ltr'>Hoc</span> <span class='ocrx_word' id='word_1_285' title='bbox 489 2893 588 2926; x_wconf 89' lang='lat' dir='ltr'>recte</span> <span class='ocrx_word' id='word_1_286' title='bbox 616 2894 744 2925; x_wconf 87' lang='lat' dir='ltr'>contra</span> <span class='ocrx_word' id='word_1_287' title='bbox 761 2889 988 2934; x_wconf 84' lang='lat' dir='ltr'>Droysenum</span> <span class='ocrx_word' id='word_1_288' title='bbox 1007 2884 1166 2921; x_wconf 81' lang='lat' dir='ltr'>ostendit</span> <span class='ocrx_word' id='word_1_289' title='bbox 1178 2883 1478 2921; x_wconf 73' lang='lat' dir='ltr'>Wilamowitzius</span> <span class='ocrx_word' id='word_1_290' title='bbox 1506 2881 1528 2917; x_wconf 92' lang='lat' dir='ltr'>l.</span> <span class='ocrx_word' id='word_1_291' title='bbox 1547 2880 1569 2916; x_wconf 96' lang='lat' dir='ltr'>l.</span> <span class='ocrx_word' id='word_1_292' title='bbox 1600 2891 1633 2925; x_wconf 86' lang='lat' dir='ltr'>p.</span> <span class='ocrx_word' id='word_1_293' title='bbox 1654 2881 1732 2914; x_wconf 81' lang='grc'><strong>239.</strong></span> 
     </span>
     <span class='ocr_line' id='line_1_38' title="bbox 206 2946 1208 2996; baseline -0.009 -5"><span class='ocrx_word' id='word_1_294' title='bbox 206 2951 267 2991; x_wconf 82' lang='lat' dir='ltr'>Illi</span> <span class='ocrx_word' id='word_1_295' title='bbox 291 2961 462 2989; x_wconf 81' lang='lat' dir='ltr'>assensus</span> <span class='ocrx_word' id='word_1_296' title='bbox 488 2954 545 2988; x_wconf 83' lang='lat' dir='ltr'>est</span> <span class='ocrx_word' id='word_1_297' title='bbox 569 2950 747 2996; x_wconf 79' lang='lat' dir='ltr'>Holmius,</span> <span class='ocrx_word' id='word_1_298' title='bbox 773 2950 835 2987; x_wconf 83' lang='lat' dir='ltr'>Gr.</span> <span class='ocrx_word' id='word_1_299' title='bbox 862 2948 989 2985; x_wconf 84' lang='lat' dir='ltr'>Gesch.</span> <span class='ocrx_word' id='word_1_300' title='bbox 1016 2946 1066 2982; x_wconf 88' lang='lat' dir='ltr'>IV</span> <span class='ocrx_word' id='word_1_301' title='bbox 1091 2957 1125 2992; x_wconf 91' lang='lat' dir='ltr'>p.</span> <span class='ocrx_word' id='word_1_302' title='bbox 1152 2947 1208 2983; x_wconf 87' lang='grc'>67.</span> 
     </span>
    </p>
   </div>
   <div class='ocr_carea' id='block_1_5' title="bbox 1404 3007 1464 3048">
    <p class='ocr_par' dir='ltr' id='par_1_8' title="bbox 1404 3007 1464 3048">
     <span class='ocr_line' id='line_1_39' title="bbox 1404 3007 1464 3048; baseline 0 -19"><span class='ocrx_word' id='word_1_303' title='bbox 1404 3007 1464 3048; x_wconf 82' lang='lat'>3*</span> 
     </span>
    </p>
   </div>
  </div>
 </body>
</html>
