1988 3273
925 199 941 208 .-

895 197 946 237 lo

167 308 443 365 Peloponnesi
475 309 649 364 adeptus
681 316 754 352 ost.
804 312 919 361 Quiu-
953 328 1001 353 ιιι,-
1035 315 1072 356 oi
1107 318 1257 355 tantam
1285 316 1501 356 utilitato-m
1527 321 1676 356 tantas-

167 394 250 437 que
281 394 391 436 opes,
421 395 525 436 quas
555 382 635 423 sibi
678 397 729 424 cx
772 397 819 424 eu
854 385 1152 427 ΓνιΙιιιιιΙιιῒιιιτιςκν
1193 400 1282 428 csse
1314 395 1569 441 sporum-rat,
1612 401 1678 440 pa-

166 458 287 506 raret,
319 454 579 509 prohibuisse
614 456 778 497 videtur
807 463 848 497 et
882 459 1144 503 Aristoolcmi,
1181 460 1252 510 qui
1286 466 1325 499 ‹·t
1359 461 1442 513 ipsc
1478 461 1675 511 Antigoni

166 525 253 567 dux
285 530 383 578 orat,
413 528 636 568 auctoritas
669 536 708 569 ct
738 530 810 569 tilii
845 531 907 570 sui
941 531 987 570 wl
1023 532 1298 572 Cassandrum
1331 532 1520 580 ‹lt-lectio,
1551 545 1677 585 quare

166 598 341 640 sociavit
380 612 424 640 se
466 613 559 640 cum
596 600 824 642 Alexandri
870 603 992 642 vidua
1037 607 1077 644 ot
1115 618 1150 644 a.
1184 605 1265 643 :313
1310 617 1401 644 cum
1434 604 1678 657 'l't-lvsphoro

165 671 376 713 nauarcho
405 671 658 723 conflixit*).
722 673 830 723 Quid
866 688 959 715 eum
993 690 1025 715 :r
1061 676 1144 715 3lo
1178 676 1422 728 invitaverit,
1455 683 1497 715 ut
1530 678 1676 716 iterum

165 746 308 784 eontra
338 742 616 784 Cassandrum
660 759 773 785 arma
819 753 998 786 movcrvt
1039 751 1078 788 et
1110 746 1330 788 Herculem
1372 754 1594 788 arcesseret
1637 749 1678 788 in

165 828 342 870 regnum
377 815 645 857 Macedoniae
679 817 947 859 reducturus.
992 832 1069 858 uon
1104 818 1299 859 traditum
1343 825 1426 863 ost,
1471 820 1538 859 vix
1583 819 1679 859 foc-it

165 887 332 928 conscio
375 887 610 940 Antigono:
658 889 846 940 suspicor
892 890 1121 930 sinmltates
1166 891 1202 931 ci
1255 895 1362 930 ortas
1415 891 1540 930 fuisso
1582 903 1674 930 cum

164 957 475 1013 Cratesipolide‚
507 972 613 1014 quac
645 960 681 1000 ei
718 972 797 1000 non
832 961 1000 1001 nimiam
1026 962 1251 1003 concedere
1276 962 1473 1002 voluisset
1503 962 1679 1002 auctori-

165 1034 301 1073 tatem.
363 1031 451 1073 Nec
482 1032 608 1078 deest,
640 1032 750 1086 quod
793 1033 888 1073 huic
921 1035 1105 1087 opinioni
1138 1036 1281 1075 faveat.
1344 1034 1446 1074 Nam
1481 1035 1679 1074 miramur

164 1103 346 1159 profecto
377 1116 486 1156 eum,
519 1105 590 1158 qui
623 1105 766 1158 paucis
798 1110 893 1146 ante
925 1108 1045 1147 annis
1066 1106 1252 1147 Corinthi
1285 1112 1325 1147 et
1341 1106 1531 1158 Sicyonis
1564 1119 1678 1160 prae-

163 1176 284 1218 sidiis
313 1177 580 1231 imperasset,
622 1178 664 1217 in
698 1177 913 1218 Graeciam
947 1180 1307 1233 septentrionalem
1351 1193 1431 1219 non
1474 1192 1544 1232 per
1577 1179 1678 1218 Isth-

163 1262 279 1290 mum
311 1250 527 1302 invasisse,
559 1263 811 1303 quamquam
845 1258 1084 1305 exspectare
1117 1253 1297 1306 potuerit
1317 1251 1522 1291 auxilium
1551 1250 1677 1290 Boeo-

164 1322 399 1373 torum**)‚
448 1335 592 1363 verum
625 1322 676 1363 ab
708 1323 869 1364 Aetolis
901 1325 1122 1378 petivisse,
1170 1329 1216 1365 ut
1246 1324 1323 1364 sibi
1358 1324 1573 1364 transitum
1607 1335 1678 1376 per

167 1395 371 1436 Aetoliam
404 1395 691 1449 permitterent
720 1393 857 1445 (Diod.
878 1395 961 1436 XX
993 1396 1059 1448 20,
1079 1397 1127 1436 3:
1161 1394 1278 1439 ἀξιῶν
1312 1393 1440 1433 δίοδόν
1472 1409 1511 1432 τε
1544 1394 1677 1433 δοῦναι

163 1464 230 1508 καὶ
263 1465 561 1520 συστρατεύειν).
623 1465 742 1516 Quod
786 1481 867 1508 non
900 1469 1022 1509 aliam
1066 1468 1188 1509 habet
1234 1468 1553 1522 explicationem
1596 1466 1676 1506 nisi

163 1543 210 1582 ut
239 1539 516 1594 Cratesipolis,
545 1552 652 1594 quae
685 1543 725 1580 et
756 1539 1001 1581 Corinthum
1033 1544 1073 1582 et
1104 1540 1275 1595 Megara
1306 1538 1582 1590 tenebatss**)‚
1612 1553 1677 1579 so·

163 1625 257 1655 cero
285 1613 366 1654 iter
395 1625 470 1667 per
499 1611 702 1653 Isthmum
736 1613 1023 1653 intercluserit.
1083 1612 1136 1654 Et
1165 1613 1242 1653 hoc
1273 1612 1394 1653 modo
1431 1613 1554 1652 etiam
1588 1624 1677 1665 per-

163 1685 384 1740 spicimus,
422 1697 546 1738 quam
580 1683 630 1724 ob
662 1696 749 1725 rem
782 1698 816 1724 a.
849 1685 932 1725 308
966 1685 1186 1737 Sicyonem
1219 1688 1259 1725 et
1289 1683 1530 1724 Corinthum
1565 1682 1678 1723 dedi-

163 1757 272 1800 derit
300 1756 564 1798 Ptolemaeo:
608 1756 755 1797 maluit
788 1756 910 1798 urbes
942 1757 982 1797 in
1016 1761 1253 1811 potestatem
1290 1757 1572 1810 Aegyptorum
1607 1754 1678 1794 do-

163 1830 268 1871 mini
300 1829 442 1870 venire
475 1841 599 1883 quam
632 1828 673 1868 in
693 1819 1047 1883 'Polyper-chentis.
1093 1828 1202 1878 Quin
1237 1830 1358 1870 etiam
1393 1840 1484 1868 mea
1507 1826 1674 1881 quidem

162 1902 369 1944 sententia
398 1914 480 1942 non
515 1901 641 1941 nimis
663 1901 859 1942 audacter
891 1903 1046 1954 fecerit,
1075 1901 1110 1942 si
1142 1903 1236 1956 quis
1267 1914 1358 1942 eam
1391 1901 1520 1953 ipsam
1543 1911 1676 1939 arces-

154 1975 311 2016 sivisse
340 1973 628 2015 Ptolemaeum
661 1974 740 2014 erit
769 1974 1021 2028 suspicatns;
1066 1987 1162 2014 narn
1203 1977 1312 2014 certe
1355 1985 1433 2013 non
1466 1971 1567 2012 mihi
1600 1970 1676 2011 soli

163 2048 311 2102 opinor
343 2046 610 2087 admirationi
642 2058 732 2088 esse
764 2047 889 2087 huius
920 2047 1181 2100 repentinum
1213 2046 1264 2086 ab
1295 2045 1422 2086 Asiae
1455 2044 1602 2084 insulis
1633 2042 1676 2082 in

163 2117 380 2159 Graeciam
403 2117 637 2157 transitum.
683 2115 763 2157 Sed
799 2120 890 2157 utut
920 2129 985 2157 res
1016 2129 1059 2158 se
1082 2116 1215 2169 habet,
1247 2113 1675 2170 quiCratesipolidem

161 2202 257 2231 eum
282 2189 496 2243 Antigono
528 2189 725 2230 sociatam
758 2189 887 2229 fuisse
920 2188 1039 2228 nobis
1060 2201 1334 2242 persuasurus
1365 2192 1437 2231 est,
1465 2199 1568 2240 opus
1599 2176 1677 2226 erit

161 2260 306 2304 afferat
335 2262 527 2316 graviora
559 2266 817 2316 argumenta.
879 2261 927 2301 In
971 2260 1122 2314 quibus
1162 2261 1246 2301 noli
1286 2271 1523 2310 numerare,
1565 2257 1674 2311 qnod

161 2347 196 2376 a.
228 2335 310 2376 307
343 2347 368 2375 a
388 2332 601 2375 Demetrio
624 2333 795 2387 Megara
826 2333 1041 2374 obsi‹lente
1072 2333 1230 2387 petivit,
1261 2335 1308 2372 ut
1337 2344 1381 2372 se
1413 2330 1674 2371 conveniret:

160 2405 244 2448 alia
270 2406 352 2447 fuit
378 2406 531 2447 mulier
561 2406 731 2460 privata,
764 2406 846 2446 alia
877 2404 1068 2457 Sicyonis
1099 2405 1268 2445 domina
1298 2408 1338 2445 et
1361 2401 1676 2451 Corinthi****).

279 2502 313 2547 *)
339 2502 473 2537 Postea
499 2512 641 2546 quoque
668 2512 748 2537 euin
774 2502 946 2543 Antigoni
974 2499 1198 2544 praefectum
1223 2500 1337 2535 fuisse
1364 2500 1587 2543 Druysenus,
1616 2497 1676 2540 qui

158 2562 196 2598 in
221 2563 426 2598 universum
453 2562 496 2598 de
522 2564 577 2598 his
604 2564 712 2598 rebus
738 2564 872 2598 rectius
899 2563 971 2607 egit
988 2562 1121 2605 Niesio,
1148 2561 1333 2596 contendit
1359 2560 1499 2605 (Hesi-h.
1519 2559 1551 2593 (l.
1573 2558 1676 2595 mad.

158 2625 195 2660 11
219 2635 254 2670 p.
281 2625 353 2670 78),
378 2635 508 2669 parum
534 2625 783 2669 probabiliter.

278 2685 334 2729 **)
360 2686 525 2721 Etenim
561 2697 655 2721 anno
683 2692 783 2731 post,
819 2687 879 2721 uhi
915 2697 992 2720 cum
1028 2684 1233 2720 Cassandro
1267 2694 1389 2728 pacem
1423 2686 1531 2725 atquo
1565 2682 1675 2716 socie-

158 2750 272 2783 tatem
283 2746 383 2791 fecit,
401 2758 481 2783 eum
500 2759 543 2783 ne
561 2748 597 2782 in
613 2749 901 2793 Peloponnesum
922 2747 1058 2781 rediret
1071 2746 1335 2791 prohibuerunt
1354 2743 1471 2784 (Diod.
1488 2743 1552 2777 XX
1568 2744 1673 2784 2³34).

278 2808 354 2853 ***)
381 2808 440 2843 Sic
457 2808 600 2844 videtur
613 2809 865 2854 explicandum
884 2820 982 2849 esse,
1017 2817 1081 2841 cur
1094 2807 1322 2841 Ptolemaeus
1344 2804 1431 2848 Lagi
1450 2804 1544 2837 tilius
1560 2815 1591 2838 a.
1607 2807 1674 2837 303

159 2870 312 2915 Megara
337 2880 480 2913 quoque
506 2871 654 2915 ceperit.
694 2871 747 2905 De
772 2881 812 2905 re
839 2869 884 2905 ef.
912 2870 1014 2910 Diua.
1035 2868 1156 2902 Laert.
1176 2868 1207 2902 11
1230 2869 1294 2902 115
1321 2871 1357 2900 et
1375 2866 1518 2900 Niesius
1547 2877 1579 2909 p.
1595 2867 1674 2900 nuo,

278 2931 374 2978 ****)
402 2932 547 2967 Niesius
574 2932 718 2976 quidem
743 2945 776 2978 p.
804 2935 872 2968 309
899 2919 1020 2966 docuit
1046 2940 1144 2974 eam,
1189 2940 1267 2965 cum
1303 2939 1334 2966 a.
1361 2930 1430 2963 308
1464 2928 1528 2962 has
1567 2926 1673 2961 urbes
