1988 3273
226 789 330 832 Cum
365 792 406 832 in
440 792 635 834 omnibus
665 793 751 834 fere
783 792 875 834 aliis
908 798 948 834 ct
977 792 1230 834 Graecorum
1275 796 1316 834 et
1346 792 1627 834 Romanorum

111 863 395 904 monumentis
439 863 664 905 tractandis
703 865 870 917 singula
915 877 1057 906 corum
1104 869 1289 918 tempora
1330 864 1503 906 definire
1549 863 1628 904 viri

110 933 221 975 docti
251 934 509 987 studuerint,
557 939 602 976 ut
646 935 746 989 quid
786 936 836 976 ad
880 950 955 976 sua
983 935 1148 978 saecula
1179 935 1435 977 aestimanda
1467 935 1631 976 valeant

109 1008 234 1060 atque
266 1019 373 1060 quae
395 1007 599 1061 cuiusque
621 1007 801 1048 auctoris
825 1007 984 1049 indoles
1004 1008 1133 1048 fuerit
1163 1012 1203 1048 et
1231 1021 1352 1062 quem
1385 1008 1437 1048 ad
1459 1006 1629 1048 modum

109 1078 292 1119 exercita
325 1083 450 1132 atquc
481 1079 648 1120 exculta
678 1079 743 1130 sit,
775 1087 899 1133 queat
921 1080 1130 1134 cognosci,
1161 1080 1212 1120 de
1234 1079 1461 1120 comoediis
1482 1078 1630 1130 atticis,

109 1148 146 1197 si
169 1149 496 1204 Aristophaneas
527 1163 604 1191 nec
635 1163 717 1191 non
752 1164 902 1204 paucas
934 1151 1036 1192 alias
1067 1151 1314 1205 excipimus,
1346 1151 1386 1191 in
1419 1163 1510 1191 eam
1542 1162 1627 1190 rem

110 1219 326 1275 inquirere
357 1222 493 1263 adhuc
524 1223 856 1277 supoisederunt.
918 1223 1063 1278 Neque
1095 1223 1137 1264 id
1171 1224 1334 1264 mirum.
1395 1222 1500 1264 Nam
1535 1235 1629 1262 cum

110 1291 171 1333 eis
191 1292 404 1344 subsidiis,
424 1293 577 1347 quibus
600 1294 694 1334 talis
715 1295 901 1348 quaestio
926 1296 964 1335 in
983 1295 1132 1335 ceteris
1149 1294 1418 1348 scriptoribus
1435 1306 1628 1348 magnam

108 1369 266 1419 partem
291 1365 396 1406 solet
416 1365 620 1410 adiuvari,
650 1379 805 1420 genere
828 1366 1005 1419 (licendi,
1029 1367 1341 1420 compositionis
1360 1369 1458 1418 arte,
1480 1370 1630 1406 metro-

110 1449 201 1477 rum
234 1436 414 1488 ratione,
462 1442 649 1478 veterum
683 1437 864 1491 denique
905 1438 955 1478 ‹lo
987 1438 1071 1478 vita
1102 1450 1243 1478 eorum
1278 1441 1401 1492 atque
1436 1436 1631 1491 operibus

110 1509 384 1562 testimoniis,
428 1509 469 1550 in
515 1509 687 1550 comicis
729 1509 980 1551 Graecorum
1029 1510 1180 1564 poetis,
1225 1522 1400 1564 quorum
1442 1510 1632 1563 integrae

108 1581 274 1623 fabulae
319 1582 401 1622 nisi
447 1594 519 1636 per
560 1581 755 1623 Plautum
801 1582 1124 1636 Terentiumque
1167 1586 1354 1623 servatae
1399 1594 1481 1622 non
1522 1584 1632 1633 sunt,

112 1652 300 1694 destituti
330 1654 475 1701 simus,
504 1653 592 1694 sola
625 1666 731 1707 quae
762 1654 804 1693 in
834 1654 985 1695 fabulis
1015 1654 1117 1708 ipsis
1138 1657 1366 1694 tractantur
1386 1657 1633 1708 argumenta

112 1725 232 1766 nobis
262 1725 422 1766 auxilio
456 1738 544 1766 esse
577 1730 751 1780 possunt
780 1726 830 1766 ad
864 1732 1049 1780 tempora
1080 1739 1221 1767 earum
1255 1725 1502 1766 definienda.
1554 1725 1630 1766 At-

111 1811 193 1853 que
235 1798 280 1838 in
312 1797 401 1852 ipsa
441 1797 517 1838 hac
558 1811 601 1838 rc
642 1810 690 1839 eo
715 1798 930 1852 ,iniquiore
961 1798 1126 1839 fortuna
1159 1797 1335 1849 utimur,
1379 1797 1489 1851 quod
1520 1796 1630 1850 talia,

110 1868 306 1924 qualibus
336 1870 487 1910 atticus
519 1874 638 1924 poeta
669 1874 919 1923 spectatores
951 1869 1070 1911 valde
1101 1869 1389 1917 delectaverat,
1421 1882 1515 1910 cnm
1546 1867 1629 1909 Ro-

111 1953 331 1982 manorum
354 1941 526 1982 fortasse
549 1953 670 1982 nemo
693 1941 936 1995 intellegere
953 1944 1102 1995 posset,
1133 1953 1431 1995 saepenumero
1453 1953 1477 1980 a
1500 1940 1631 1994 poetis

112 2012 306 2067 palliatae
346 2012 586 2053 comoediae
627 2016 699 2053 aut
737 2013 888 2053 omissa
933 2017 1006 2054 aut
1044 2017 1201 2054 mutata
1242 2012 1455 2067 latinoque
1495 2012 1631 2053 colore

110 2083 284 2126 inducta
327 2088 434 2124 sunt.
513 2084 686 2125 Accedit
732 2084 813 2125 alia
860 2083 1094 2125 difficultas.
1162 2084 1346 2125 Terentii
1390 2084 1627 2125 testimonio

111 2155 259 2207 (Andr.
293 2155 392 2210 prol.
429 2156 495 2206 18)
539 2160 701 2197 constat
730 2155 924 2197 Plautum
969 2168 1051 2196 non
1093 2168 1258 2210 semper
1295 2168 1446 2210 graeca
1486 2167 1628 2196 exem-

110 2227 242 2283 plaria.
271 2228 516 2283 simpliciter
558 2228 838 2278 transtulisse,
881 2227 952 2268 sed
996 2228 1230 2280 interdum,
1273 2233 1317 2268 ut
1344 2227 1525 2269 Terentii
1565 2227 1629 2268 in·

107 2300 299 2342 vidorum
332 2313 432 2342 voce
465 2304 567 2353 utar,
600 2302 914 2342 contaminasse.
976 2299 1065 2341 Etsi
1096 2304 1234 2342 autem
1274 2299 1325 2340 ab
1358 2312 1501 2341 eorum
1533 2311 1627 2352 par-

106 2371 220 2414 tibus
250 2376 426 2426 stamus,
474 2373 545 2427 qui
581 2386 705 2427 quam
739 2371 1010 2427 pauciss'mas
1039 2371 1200 2413 fabulas
1240 2371 1290 2413 ab
1321 2371 1393 2412 illo
1425 2372 1482 2412 ita
1517 2384 1629 2412 com-

108 2445 262 2500 positas
282 2457 372 2486 esse
394 2445 660 2497 arbitrantur,
692 2459 774 2499 qua
805 2445 857 2485 dc
890 2456 931 2484 rc
954 2443 1020 2485 bic
1042 2456 1122 2485 non
1147 2444 1262 2485 locus
1295 2447 1356 2485 est
1377 2442 1629 2498 disputandi,

109 2519 248 2558 tamen
281 2519 365 2558 tota
397 2517 498 2558 haec
530 2518 719 2571 quaestio
752 2521 834 2558 tam
881 2528 959 2555 non
981 2516 1054 2557 sad
1085 2521 1243 2557 certum
1274 2515 1401 2556 finem
1431 2515 1630 2569 perducta

108 2591 182 2640 est,
203 2591 411 2629 utcontra
432 2589 484 2630 de
506 2589 730 2630 admodum
753 2582 894 2629 multis
916 2586 1052 2628 adhuc
1071 2586 1376 2642 philologorum
1398 2587 1629 2628 sententiae

109 2659 336 2702 varientur.
399 2659 660 2715 Quamquam
694 2661 826 2715 igitur
868 2658 1040 2700 fortasse
1073 2659 1198 2700 nimis
1229 2659 1438 2700 temerarii
1470 2657 1628 2699 indica-

107 2732 271 2783 bimur,
315 2732 425 2787 quod
458 2732 616 2774 alienas
646 2733 808 2774 fabulas
841 2744 892 2772 nc
925 2743 996 2785 pro
1028 2744 1111 2772 una
1142 2734 1364 2772 tractemus
1395 2730 1628 2785 periculum

105 2804 294 2855 facimuS,
339 2807 478 2846 tamen
511 2805 630 2846 nobis
663 2805 977 2860 proposuimnS,
1020 2803 1174 2858 quibus
1206 2802 1460 2857 temporibus
1489 2801 1629 2844 Plauti

108 2876 301 2930 exempla
331 2876 457 2917 attica
487 2876 606 2918 docta
637 2878 732 2928 sint,
763 2880 969 2930 <plantum
1002 2873 1091 2916 fieri
1126 2875 1265 2929 possit,
1295 2874 1511 2928 expiscari.

1300 2946 1322 2986 1
