1988 3273
871 229 923 270 75

140 345 458 400 suppositicium
491 345 566 391 sit.
607 344 732 384 nimis
777 344 1052 397 periculosum
1095 347 1178 387 cst:
1222 343 1313 384 leno
1359 344 1397 384 in
1432 343 1656 385 eonuwdiis

140 431 304 472 semper
346 418 452 458 male
485 421 703 461 trau-tatur,
743 415 904 455 etiamsi
949 416 1049 456 nihil
1084 416 1280 469 deliquit,
1323 423 1365 456 ut
1409 417 1448 456 iu
1487 416 1656 456 l‘oenuli

141 491 278 545 priore
310 494 437 543 parte,
479 488 621 528 itidem
657 488 747 527 leno
780 488 886 540 apud
923 487 1129 528 Herodam
1163 487 1405 536 (mimiamb.
1440 491 1478 534 2)
1513 489 1659 528 metuit

140 574 192 603 ne
223 574 390 602 causam
424 560 576 615 perflat.
639 559 729 600 Non
775 560 866 612 plus
902 560 1027 610 valet,
1069 559 1178 613 quod
1216 559 1483 611 Chrysopolis
1516 560 1687 600 tit-tuuis

141 645 292 675 nomen
325 637 386 674 est
417 638 456 673 et
478 632 761 685 excogitatum
795 632 843 672 ad
880 632 1048 673 divitias
1081 631 1195 672 urbis
1216 621 1503 679 illustrandas3
1546 645 1661 672 nani—

141 718 223 761 que
263 706 339 746 hoc
383 710 424 746 et
454 706 604 746 atticus
648 711 687 745 et
720 718 914 744 romanus
958 710 1075 759 poeta
1116 705 1250 745 facere
1282 705 1437 758 potuit,
1483 710 1523 745 et
1566 705 1661 744 licet

141 777 209 819 hic
239 778 402 826 fecerit,
451 791 532 818 non
575 777 669 818 ideo
712 782 794 834 tota
826 782 967 818 contra
1002 777 1155 818 Arabes
1187 777 1397 832 expeditio
1430 777 1660 818 necessario

140 850 193 891 ad
226 850 406 892 eundem
454 850 595 890 referri
645 849 776 890 debet.
839 849 1017 889 Gravius
1065 849 1176 890 aliud
1213 855 1342 903 putes.
1405 849 1515 889 Num
1547 850 1659 890 enim

141 927 464 964 consentaneum
491 922 655 962 videtur
677 922 868 961 lenonem
895 923 1100 974 virginem
1126 923 1352 976 ingenuam
1387 927 1426 962 et
1448 922 1658 962 liberalem

141 992 251 1034 bello
283 998 443 1047 captam
468 993 726 1033 meretricem
758 992 961 1032 facturum
995 992 1119 1032 esse?
1171 991 1388 1045 Nusquam
1424 992 1464 1031 in
1495 992 1661 1045 palliata

141 1065 357 1108 comoedia
388 1065 626 1106 meretrices
648 1070 906 1118 comparent.
939 1077 1044 1118 quae
1074 1064 1261 1121 Qag
1293 1065 1504 1117 coeperint
1534 1076 1661 1116 quae-
1753 1074 1778 1095 ἢ

141 1142 252 1180 stum
271 1151 441 1192 corpore
463 1138 609 1186 facere,
636 1150 778 1178 verum
802 1150 965 1190 semper
995 1141 1065 1177 aut
1097 1150 1120 1177 a
1142 1136 1420 1191 praedonibus
1444 1140 1583 1188 raptae
1618 1140 1662 1177 ut

142 1210 186 1251 in
218 1209 411 1252 Rudente
442 1209 629 1250 Poenulo
663 1208 916 1250 Curculione
949 1208 1152 1250 Eunucho
1184 1212 1257 1249 aut
1287 1209 1499 1261 Qp-ositae
1532 1212 1576 1248 ut
1618 1209 1660 1248 in

142 1281 378 1325 Cistellaria
409 1286 449 1323 et
470 1282 956 1322 Heautontimorumeno.
1002 1281 1155 1322 Tamen
1188 1280 1239 1321 ob
1275 1281 1380 1321 hanc
1411 1294 1577 1321 causam
1610 1281 1660 1321 de

143 1355 306 1420 OQ
359 1355 524 1410 virgine
567 1353 757 1394 dubitare
811 1366 890 1393 non
937 1355 1095 1403 ausim,
1138 1353 1346 1407 siquidem
1392 1353 1558 1394 vendita
1612 1366 1662 1394 ne

142 1427 345 1468 meretrix
374 1426 466 1476 fiat,
509 1430 677 1467 cautum
720 1430 781 1467 est
821 1439 844 1466 a
876 1431 999 1479 patre.
1061 1425 1181 1466 Hanc
1222 1438 1265 1466 re
1307 1438 1402 1466 vera
1434 1425 1662 1479 exemplari

142 1499 372 1540 adhibitam
417 1499 544 1540 fuisse
585 1498 683 1539 inde
713 1499 883 1539 forsitan
918 1498 1193 1550 concluseris,
1237 1497 1346 1551 quod
1386 1498 1539 1538 furtiva
1577 1501 1663 1538 arte

140 1572 335 1613 cohaeret
379 1584 474 1612 cum
507 1572 715 1624 emptione
746 1571 837 1611 sine
869 1571 1089 1625 mancupio
1128 1571 1254 1622 facta,
1301 1583 1424 1624 quam
1473 1582 1568 1610 cum
1611 1570 1663 1610 ad

141 1643 210 1684 ius
240 1654 459 1682 romanum
491 1645 648 1695 spectet
690 1654 714 1681 a
744 1640 892 1681 Plauto
923 1641 1106 1681 additam
1148 1652 1238 1681 esse
1269 1643 1438 1680 constat.
1499 1638 1581 1680 Sed
1613 1651 1663 1679 ne

142 1714 242 1756 inde
274 1713 445 1768 quidem
488 1726 559 1767 per
603 1726 646 1755 se
678 1713 778 1754 certi
813 1714 1038 1767 quicquam
1081 1713 1223 1766 colligi
1269 1716 1421 1766 potest,
1466 1713 1661 1765 quoniam

143 1785 455 1853 pqetaaeaner
493 1786 710 1839 scrupulos
751 1785 888 1826 lenoni
924 1789 1088 1839 propter
1127 1785 1324 1825 furtivam
1358 1784 1536 1838 puellam
1580 1785 1662 1824 iam

141 1861 189 1901 in
209 1859 335 1900 attico
358 1859 598 1912 exemplari·
620 1863 729 1898 ortos
761 1870 917 1912 augere
939 1861 1098 1912 poterat
1128 1870 1203 1898 suo
1227 1857 1406 1897 invento.
1453 1856 1663 1896 Nimirum

145 1935 288 1972 contra
318 1930 508 1971 attuleris
539 1930 821 1971 dubitationes
853 1929 1022 1971 Dordali
1056 1943 1136 1971 non
1171 1934 1253 1971 tam
1297 1941 1344 1970 eo
1378 1929 1509 1970 videri
1540 1929 1664 1982 perti-

146 2015 258 2056 nere,
289 2002 401 2056 quod
425 2002 564 2056 puella
584 2006 711 2056 rapta,
743 2015 866 2056 quam
901 2015 961 2055 eo,
993 2002 1102 2056 quod
1134 2003 1224 2042 sine
1247 2002 1468 2055 mancupio
1491 2002 1665 2042 emenda

145 2079 221 2129 est,
253 2079 389 2129 raptas
421 2074 545 2126 enim,
576 2075 815 2129 praesertim
849 2071 901 2115 ek
934 2075 1054 2115 terris
1087 2074 1398 2126 transmarinis,
1444 2075 1609 2128 saepius
1639 2087 1663 2114 a

146 2147 368 2190 lenonibus
399 2148 482 2188 emi
513 2147 671 2201 insigni
703 2147 952 2187 documento
983 2150 1082 2187 sunt
1113 2146 1329 2187 Plautinae
1356 2146 1526 2187 Rudens
1559 2145 1662 2187 Poe·

148 2219 274 2261 nulus
305 2218 511 2260 Curculio.

263 2290 408 2332 Iamne
440 2292 571 2345 igitur
601 2291 866 2333 censebimus
899 2290 1117 2350 virginemv
1151 2294 1192 2331 et
1231 2290 1438 2343 captivam
1472 2293 1512 2331 et
1542 2290 1663 2332 furti·

120 2376 242 2429 jam
274 2375 425 2427 graeco
457 2363 609 2405 Persae
640 2364 832 2418 exemplo
864 2363 1092 2404 adhibitam
1125 2361 1287 2403 fuisse?
1348 2361 1430 2403 Res
1472 2362 1514 2402 ni
1546 2361 1665 2402 fallor
1765 2378 1797 2406 ff

146 2435 327 2491 singulis
357 2437 520 2478 scaenis
551 2441 742 2478 accurate
773 2436 1046 2478 consideratis
1077 2434 1253 2490 patefiet.
1306 2434 1352 2475 In
1385 2434 1563 2489 epistula
1592 2446 1665 2475 ex·

145 2507 302 2563 peditio
332 2512 474 2550 contra
509 2509 665 2550 Arabes
695 2510 802 2550 facta
843 2509 893 2550 ob
934 2509 977 2549 id
1009 2508 1143 2549 solum
1175 2511 1543 2560 commemoratur,
1583 2520 1666 2562 quo

147 2579 299 2622 melius
331 2593 450 2622 erum
474 2581 610 2622 Toxili
643 2582 768 2625 etiam
799 2581 959 2622 diutius
982 2580 1194 2621 afuturum
1227 2592 1316 2621 esse
1348 2579 1592 2633 explicetur,
1622 2578 1665 2619 id

150 2652 261 2707 quod
302 2656 347 2694 ut
382 2653 434 2694 ad
465 2657 759 2707 argumentum
803 2653 928 2693 huius
966 2651 1132 2693 fabulae
1175 2652 1291 2693 nullo
1334 2651 1457 2692 modo
1490 2650 1668 2705 pertinet

147 2747 202 2753 ——
235 2736 372 2778 neque
412 2725 524 2765 enim
550 2726 788 2780 ,quisquam
829 2724 1009 2766 reditum
1051 2723 1327 2765 Timarchidis
1367 2726 1582 2775 exspectat
1611 2743 1666 2750 ——

147 2795 207 2837 ita
235 2795 406 2836 forsitan
439 2808 572 2850 aequo
603 2798 742 2838 animo
764 2798 980 2851 patiamur.
1028 2794 1159 2850 Virgo
1191 2796 1282 2850 ipsa
1311 2795 1355 2835 in
1380 2793 1556 2848 epistula
1586 2792 1667 2834 fur-

137 2867 238 2908 ·tiva
260 2866 524 2922 significatur
555 2873 595 2910 et
624 2869 685 2910 sic
706 2870 832 2910 etiam
863 2869 906 2909 in
928 2867 1102 2922 reliquis
1133 2867 1260 2910 huius
1283 2878 1457 2908 scaenae
1481 2865 1669 2907 versibus

154 2939 350 2982 lenonem
384 2943 648 2982 cunctantem
680 2940 1034 2992 describentibus,
1079 2939 1260 2995 legimus
1291 2952 1326 2980 v.
1361 2939 1467 2979 541:

1748 595 1775 613 ‘7'
