<?xml version="1.0" encoding="UTF-8"?>
<!DOCTYPE html PUBLIC "-//W3C//DTD XHTML 1.0 Transitional//EN"
    "http://www.w3.org/TR/xhtml1/DTD/xhtml1-transitional.dtd">
<html xmlns="http://www.w3.org/1999/xhtml" xml:lang="en" lang="en">
 <head>
  <title>
</title>
<meta http-equiv="Content-Type" content="text/html;charset=utf-8" />
  <meta name='ocr-system' content='tesseract 3.04.00' />
  <meta name='ocr-capabilities' content='ocr_page ocr_carea ocr_par ocr_line ocrx_word'/>
</head>
<body>
  <div class='ocr_page' id='page_1' title='image "./deplauticomoedia00huefuoft_0016.png"; bbox 0 0 2023 3299; ppageno 0'>
   <div class='ocr_carea' id='block_1_1' title="bbox 1040 257 1092 297">
    <p class='ocr_par' dir='ltr' id='par_1_1' title="bbox 1040 257 1092 297">
     <span class='ocr_line' id='line_1_1' title="bbox 1040 257 1092 297; baseline 0 0"><span class='ocrx_word' id='word_1_1' title='bbox 1040 257 1092 297; x_wconf 86' lang='lat'>12</span> 
     </span>
    </p>
   </div>
   <div class='ocr_carea' id='block_1_2' title="bbox 239 369 1808 2736">
    <p class='ocr_par' dir='ltr' id='par_1_2' title="bbox 239 369 1808 2736">
     <span class='ocr_line' id='line_1_2' title="bbox 283 369 1798 428; baseline -0.008 -8"><span class='ocrx_word' id='word_1_2' title='bbox 283 380 325 420; x_wconf 92' lang='lat' dir='ltr'>in</span> <span class='ocrx_word' id='word_1_3' title='bbox 359 391 488 420; x_wconf 84' lang='lat' dir='ltr'>annos</span> <span class='ocrx_word' id='word_1_4' title='bbox 521 379 602 419; x_wconf 87' lang='grc'>309</span> <span class='ocrx_word' id='word_1_5' title='bbox 635 381 676 418; x_wconf 91' lang='lat' dir='ltr'>et</span> <span class='ocrx_word' id='word_1_6' title='bbox 705 378 787 417; x_wconf 84' lang='lat'>308</span> <span class='ocrx_word' id='word_1_7' title='bbox 820 376 1001 417; x_wconf 85' lang='lat' dir='ltr'>fabulam</span> <span class='ocrx_word' id='word_1_8' title='bbox 1034 376 1248 428; x_wconf 83' lang='lat' dir='ltr'>propterea</span> <span class='ocrx_word' id='word_1_9' title='bbox 1291 372 1395 412; x_wconf 86' lang='lat' dir='ltr'>bene</span> <span class='ocrx_word' id='word_1_10' title='bbox 1427 371 1653 424; x_wconf 82' lang='lat' dir='ltr'>quadrare,</span> <span class='ocrx_word' id='word_1_11' title='bbox 1699 369 1798 422; x_wconf 86' lang='lat' dir='ltr'>quia</span> 
     </span>
     <span class='ocr_line' id='line_1_3' title="bbox 282 441 1798 505; baseline -0.009 -12"><span class='ocrx_word' id='word_1_12' title='bbox 282 455 381 493; x_wconf 86' lang='lat' dir='ltr'>tune</span> <span class='ocrx_word' id='word_1_13' title='bbox 411 451 547 505; x_wconf 89' lang='lat' dir='ltr'>ipsum</span> <span class='ocrx_word' id='word_1_14' title='bbox 571 450 822 502; x_wconf 74' lang='lat' dir='ltr'>Agathocles</span> <span class='ocrx_word' id='word_1_15' title='bbox 851 449 999 488; x_wconf 88' lang='lat' dir='ltr'>itinere</span> <span class='ocrx_word' id='word_1_16' title='bbox 1030 446 1071 486; x_wconf 94' lang='lat' dir='ltr'>in</span> <span class='ocrx_word' id='word_1_17' title='bbox 1095 445 1272 485; x_wconf 62' lang='lat' dir='ltr'>Africam</span> <span class='ocrx_word' id='word_1_18' title='bbox 1305 446 1410 484; x_wconf 67' lang='lat' dir='ltr'>facto</span> <span class='ocrx_word' id='word_1_19' title='bbox 1432 441 1798 495; x_wconf 84' lang='lat' dir='ltr'>Carthaginienses</span> 
     </span>
     <span class='ocr_line' id='line_1_4' title="bbox 284 511 1799 574; baseline -0.007 -10"><span class='ocrx_word' id='word_1_20' title='bbox 284 523 494 564; x_wconf 87' lang='lat' dir='ltr'>devicerat</span> <span class='ocrx_word' id='word_1_21' title='bbox 523 525 563 562; x_wconf 92' lang='lat' dir='ltr'>et</span> <span class='ocrx_word' id='word_1_22' title='bbox 591 521 642 562; x_wconf 91' lang='lat' dir='ltr'>ab</span> <span class='ocrx_word' id='word_1_23' title='bbox 673 520 846 574; x_wconf 88' lang='lat' dir='ltr'>Ophella</span> <span class='ocrx_word' id='word_1_24' title='bbox 868 519 1121 571; x_wconf 68' lang='lat' dir='ltr'>Cyrenarum</span> <span class='ocrx_word' id='word_1_25' title='bbox 1156 530 1255 570; x_wconf 82' lang='lat' dir='ltr'>roge</span> <span class='ocrx_word' id='word_1_26' title='bbox 1278 514 1512 566; x_wconf 68' lang='lat' dir='ltr'>Eurydicac</span> <span class='ocrx_word' id='word_1_27' title='bbox 1535 511 1799 554; x_wconf 71' lang='lat' dir='ltr'>Atheniensis</span> 
     </span>
     <span class='ocr_line' id='line_1_5' title="bbox 285 584 1797 646; baseline -0.007 -12"><span class='ocrx_word' id='word_1_28' title='bbox 285 593 432 634; x_wconf 81' lang='lat' dir='ltr'>marito</span> <span class='ocrx_word' id='word_1_29' title='bbox 463 593 667 634; x_wconf 71' lang='lat' dir='ltr'>auxilium</span> <span class='ocrx_word' id='word_1_30' title='bbox 693 593 902 646; x_wconf 76' lang='lat' dir='ltr'>petiverat,</span> <span class='ocrx_word' id='word_1_31' title='bbox 934 588 1084 629; x_wconf 83' lang='lat' dir='ltr'>deinde</span> <span class='ocrx_word' id='word_1_32' title='bbox 1116 586 1449 639; x_wconf 61' lang='lat' dir='ltr'>intorem-&gt;snos</span> <span class='ocrx_word' id='word_1_33' title='bbox 1481 588 1521 625; x_wconf 92' lang='lat' dir='ltr'>et</span> <span class='ocrx_word' id='word_1_34' title='bbox 1537 584 1797 626; x_wconf 82' lang='lat' dir='ltr'>Demetrium</span> 
     </span>
     <span class='ocr_line' id='line_1_6' title="bbox 285 659 1643 716; baseline -0.007 -10"><span class='ocrx_word' id='word_1_35' title='bbox 285 665 531 707; x_wconf 85' lang='lat' dir='ltr'>Phalereum</span> <span class='ocrx_word' id='word_1_36' title='bbox 566 665 824 705; x_wconf 81' lang='lat' dir='ltr'>Athenarum</span> <span class='ocrx_word' id='word_1_37' title='bbox 857 662 1105 716; x_wconf 84' lang='lat' dir='ltr'>praefectum</span> <span class='ocrx_word' id='word_1_38' title='bbox 1139 659 1370 700; x_wconf 82' lang='lat' dir='ltr'>simultates</span> <span class='ocrx_word' id='word_1_39' title='bbox 1402 670 1481 697; x_wconf 90' lang='lat' dir='ltr'>non</span> <span class='ocrx_word' id='word_1_40' title='bbox 1516 660 1643 698; x_wconf 88' lang='lat' dir='ltr'>erant.</span> 
     </span>
     <span class='ocr_line' id='line_1_7' title="bbox 401 727 1798 785; baseline -0.008 -7"><span class='ocrx_word' id='word_1_41' title='bbox 401 737 528 777; x_wconf 89' lang='lat' dir='ltr'>Aliud</span> <span class='ocrx_word' id='word_1_42' title='bbox 562 737 699 776; x_wconf 88' lang='lat' dir='ltr'>minus</span> <span class='ocrx_word' id='word_1_43' title='bbox 741 738 850 776; x_wconf 90' lang='lat' dir='ltr'>reete</span> <span class='ocrx_word' id='word_1_44' title='bbox 892 733 1054 773; x_wconf 79' lang='lat' dir='ltr'>videtur</span> <span class='ocrx_word' id='word_1_45' title='bbox 1097 732 1328 785; x_wconf 80' lang='lat' dir='ltr'>disputasse</span> <span class='ocrx_word' id='word_1_46' title='bbox 1367 733 1510 769; x_wconf 76' lang='lat' dir='ltr'>contra</span> <span class='ocrx_word' id='word_1_47' title='bbox 1550 727 1798 769; x_wconf 89' lang='lat' dir='ltr'>Usenerum.</span> 
     </span>
     <span class='ocr_line' id='line_1_8' title="bbox 285 802 1801 859; baseline -0.006 -10"><span class='ocrx_word' id='word_1_48' title='bbox 285 807 416 849; x_wconf 86' lang='lat' dir='ltr'>Cuius</span> <span class='ocrx_word' id='word_1_49' title='bbox 446 807 496 848; x_wconf 90' lang='lat' dir='ltr'>de</span> <span class='ocrx_word' id='word_1_50' title='bbox 514 804 1004 859; x_wconf 61' lang='lat' dir='ltr'>Polymachaeroplagide</span> <span class='ocrx_word' id='word_1_51' title='bbox 1024 803 1303 844; x_wconf 90' lang='lat' dir='ltr'>coniecturam</span> <span class='ocrx_word' id='word_1_52' title='bbox 1338 802 1397 841; x_wconf 82' lang='lat' dir='ltr'>sie</span> <span class='ocrx_word' id='word_1_53' title='bbox 1418 802 1597 842; x_wconf 84' lang='lat' dir='ltr'>refutare</span> <span class='ocrx_word' id='word_1_54' title='bbox 1629 802 1801 840; x_wconf 88' lang='lat' dir='ltr'>conatus</span> 
     </span>
     <span class='ocr_line' id='line_1_9' title="bbox 287 872 1799 932; baseline -0.005 -12"><span class='ocrx_word' id='word_1_55' title='bbox 287 883 368 932; x_wconf 88' lang='lat' dir='ltr'>est,</span> <span class='ocrx_word' id='word_1_56' title='bbox 414 883 458 920; x_wconf 90' lang='lat' dir='ltr'>ut</span> <span class='ocrx_word' id='word_1_57' title='bbox 501 879 675 919; x_wconf 87' lang='lat' dir='ltr'>militem</span> <span class='ocrx_word' id='word_1_58' title='bbox 715 877 917 918; x_wconf 82' lang='lat' dir='ltr'>Demetrii</span> <span class='ocrx_word' id='word_1_59' title='bbox 962 875 1251 916; x_wconf 85' lang='lat' dir='ltr'>macedonium</span> <span class='ocrx_word' id='word_1_60' title='bbox 1300 874 1437 914; x_wconf 78' lang='lat' dir='ltr'>vocari</span> <span class='ocrx_word' id='word_1_61' title='bbox 1487 885 1566 913; x_wconf 89' lang='lat' dir='ltr'>non</span> <span class='ocrx_word' id='word_1_62' title='bbox 1616 872 1799 925; x_wconf 86' lang='lat' dir='ltr'>potuisse</span> 
     </span>
     <span class='ocr_line' id='line_1_10' title="bbox 288 943 1808 1003; baseline -0.007 -10"><span class='ocrx_word' id='word_1_63' title='bbox 288 954 501 1003; x_wconf 78' lang='lat' dir='ltr'>statueret,</span> <span class='ocrx_word' id='word_1_64' title='bbox 540 951 638 991; x_wconf 91' lang='lat' dir='ltr'>dum</span> <span class='ocrx_word' id='word_1_65' title='bbox 683 949 913 991; x_wconf 80' lang='lat' dir='ltr'>Cassander</span> <span class='ocrx_word' id='word_1_66' title='bbox 957 946 1227 988; x_wconf 84' lang='lat' dir='ltr'>Macedoniae</span> <span class='ocrx_word' id='word_1_67' title='bbox 1270 958 1343 986; x_wconf 85' lang='lat' dir='ltr'>rex</span> <span class='ocrx_word' id='word_1_68' title='bbox 1391 948 1516 997; x_wconf 84' lang='lat' dir='ltr'>esset,</span> <span class='ocrx_word' id='word_1_69' title='bbox 1557 943 1808 997; x_wconf 15' lang='lat' dir='ltr'>Demetrius,</span> 
     </span>
     <span class='ocr_line' id='line_1_11' title="bbox 284 1016 1800 1076; baseline -0.007 -10"><span class='ocrx_word' id='word_1_70' title='bbox 284 1023 536 1066; x_wconf 84' lang='lat' dir='ltr'>Poliorcetes</span> <span class='ocrx_word' id='word_1_71' title='bbox 568 1035 619 1064; x_wconf 91' lang='lat' dir='ltr'>ne</span> <span class='ocrx_word' id='word_1_72' title='bbox 651 1022 918 1076; x_wconf 84' lang='lat' dir='ltr'>appetivisset</span> <span class='ocrx_word' id='word_1_73' title='bbox 950 1019 1119 1074; x_wconf 86' lang='lat' dir='ltr'>quidem</span> <span class='ocrx_word' id='word_1_74' title='bbox 1152 1032 1342 1073; x_wconf 85' lang='lat' dir='ltr'>regnum.</span> <span class='ocrx_word' id='word_1_75' title='bbox 1401 1016 1625 1067; x_wconf 81' lang='lat' dir='ltr'>Quaeritur</span> <span class='ocrx_word' id='word_1_76' title='bbox 1656 1016 1800 1070; x_wconf 83' lang='lat' dir='ltr'>igitur,</span> 
     </span>
     <span class='ocr_line' id='line_1_12' title="bbox 288 1089 1799 1149; baseline -0.004 -14"><span class='ocrx_word' id='word_1_77' title='bbox 288 1095 387 1149; x_wconf 86' lang='lat' dir='ltr'>quid</span> <span class='ocrx_word' id='word_1_78' title='bbox 409 1093 618 1148; x_wconf 85' lang='lat' dir='ltr'>significet</span> <span class='ocrx_word' id='word_1_79' title='bbox 647 1094 766 1134; x_wconf 89' lang='lat' dir='ltr'>miles</span> <span class='ocrx_word' id='word_1_80' title='bbox 788 1091 1064 1133; x_wconf 80' lang='lat' dir='ltr'>macedonius.</span> <span class='ocrx_word' id='word_1_81' title='bbox 1110 1091 1157 1131; x_wconf 83' lang='lat' dir='ltr'>In</span> <span class='ocrx_word' id='word_1_82' title='bbox 1190 1090 1364 1131; x_wconf 86' lang='lat' dir='ltr'>eandem</span> <span class='ocrx_word' id='word_1_83' title='bbox 1392 1089 1640 1130; x_wconf 82' lang='lat' dir='ltr'>sententiam</span> <span class='ocrx_word' id='word_1_84' title='bbox 1674 1101 1799 1143; x_wconf 84' lang='lat' dir='ltr'>quam</span> 
     </span>
     <span class='ocr_line' id='line_1_13' title="bbox 286 1160 1800 1219; baseline -0.004 -12"><span class='ocrx_word' id='word_1_85' title='bbox 286 1166 633 1207; x_wconf 80' lang='lat' dir='ltr'>Wilamowitzius</span> <span class='ocrx_word' id='word_1_86' title='bbox 664 1166 889 1219; x_wconf 86' lang='lat' dir='ltr'>disputavit</span> <span class='ocrx_word' id='word_1_87' title='bbox 917 1163 1195 1216; x_wconf 82' lang='lat' dir='ltr'>Ribbeekius,</span> <span class='ocrx_word' id='word_1_88' title='bbox 1241 1176 1334 1203; x_wconf 88' lang='lat' dir='ltr'>cum</span> <span class='ocrx_word' id='word_1_89' title='bbox 1380 1163 1431 1203; x_wconf 90' lang='lat' dir='ltr'>de</span> <span class='ocrx_word' id='word_1_90' title='bbox 1474 1161 1680 1202; x_wconf 86' lang='lat' dir='ltr'>militibus</span> <span class='ocrx_word' id='word_1_91' title='bbox 1710 1160 1800 1215; x_wconf 87' lang='lat' dir='ltr'>glo-</span> 
     </span>
     <span class='ocr_line' id='line_1_14' title="bbox 285 1231 1798 1291; baseline -0.005 -12"><span class='ocrx_word' id='word_1_92' title='bbox 285 1238 406 1279; x_wconf 87' lang='lat' dir='ltr'>riosis</span> <span class='ocrx_word' id='word_1_93' title='bbox 428 1238 590 1279; x_wconf 90' lang='lat' dir='ltr'>locutus</span> <span class='ocrx_word' id='word_1_94' title='bbox 608 1242 680 1288; x_wconf 91' lang='lat' dir='ltr'>est,</span> <span class='ocrx_word' id='word_1_95' title='bbox 707 1237 796 1291; x_wconf 77' lang='lat' dir='ltr'>„dic</span> <span class='ocrx_word' id='word_1_96' title='bbox 817 1237 861 1277; x_wconf 75' lang='grc' dir='ltr'>ἱη</span> <span class='ocrx_word' id='word_1_97' title='bbox 883 1235 1245 1285; x_wconf 71' lang='lat' dir='ltr'>macedoniscloem,</span> <span class='ocrx_word' id='word_1_98' title='bbox 1268 1234 1505 1286; x_wconf 68' lang='lat' dir='ltr'>syrisehenz,</span> <span class='ocrx_word' id='word_1_99' title='bbox 1532 1231 1798 1283; x_wconf 61' lang='lat' dir='ltr'>ricodisclwtm</span> 
     </span>
     <span class='ocr_line' id='line_1_15' title="bbox 287 1305 1801 1363; baseline -0.002 -13"><span class='ocrx_word' id='word_1_100' title='bbox 287 1309 543 1363; x_wconf 72' lang='lat' dir='ltr'>kyprischem</span> <span class='ocrx_word' id='word_1_101' title='bbox 575 1309 697 1351; x_wconf 75' lang='lat' dir='ltr'>Solde</span> <span class='ocrx_word' id='word_1_102' title='bbox 727 1309 925 1350; x_wconf 68' lang='lat' dir='ltr'>stcmden“</span> <span class='ocrx_word' id='word_1_103' title='bbox 959 1308 1127 1359; x_wconf 84' lang='lat' dir='ltr'>(Alazon</span> <span class='ocrx_word' id='word_1_104' title='bbox 1161 1321 1195 1362; x_wconf 93' lang='lat' dir='ltr'>p.</span> <span class='ocrx_word' id='word_1_105' title='bbox 1229 1308 1309 1359; x_wconf 76' lang='lat'>34).</span> <span class='ocrx_word' id='word_1_106' title='bbox 1371 1306 1451 1348; x_wconf 83' lang='lat' dir='ltr'>Sed</span> <span class='ocrx_word' id='word_1_107' title='bbox 1484 1307 1650 1360; x_wconf 87' lang='lat' dir='ltr'>quando</span> <span class='ocrx_word' id='word_1_108' title='bbox 1689 1305 1801 1347; x_wconf 87' lang='lat' dir='ltr'>Rho-</span> 
     </span>
     <span class='ocr_line' id='line_1_16' title="bbox 287 1378 1801 1433; baseline -0.002 -11"><span class='ocrx_word' id='word_1_109' title='bbox 287 1381 378 1422; x_wconf 84' lang='lat' dir='ltr'>dios</span> <span class='ocrx_word' id='word_1_110' title='bbox 397 1393 540 1422; x_wconf 89' lang='lat' dir='ltr'>censes</span> <span class='ocrx_word' id='word_1_111' title='bbox 563 1382 868 1422; x_wconf 86' lang='lat' dir='ltr'>mercennarios</span> <span class='ocrx_word' id='word_1_112' title='bbox 891 1380 1154 1425; x_wconf 74' lang='lat' dir='ltr'>conduxisse,</span> <span class='ocrx_word' id='word_1_113' title='bbox 1185 1379 1378 1420; x_wconf 84' lang='lat' dir='ltr'>Euboeos</span> <span class='ocrx_word' id='word_1_114' title='bbox 1410 1392 1485 1420; x_wconf 85' lang='lat' dir='ltr'>sua</span> <span class='ocrx_word' id='word_1_115' title='bbox 1507 1383 1652 1433; x_wconf 88' lang='lat' dir='ltr'>sponte</span> <span class='ocrx_word' id='word_1_116' title='bbox 1683 1378 1801 1420; x_wconf 90' lang='lat' dir='ltr'>belli-</span> 
     </span>
     <span class='ocr_line' id='line_1_17' title="bbox 289 1451 1802 1508; baseline -0.001 -14"><span class='ocrx_word' id='word_1_117' title='bbox 289 1466 456 1508; x_wconf 85' lang='lat' dir='ltr'>gerasse</span> <span class='ocrx_word' id='word_1_118' title='bbox 488 1477 538 1482; x_wconf 92' lang='lat'><strong>—</strong></span> <span class='ocrx_word' id='word_1_119' title='bbox 571 1453 804 1494; x_wconf 85' lang='lat' dir='ltr'>Euboicum</span> <span class='ocrx_word' id='word_1_120' title='bbox 837 1454 1009 1493; x_wconf 87' lang='lat' dir='ltr'>militem</span> <span class='ocrx_word' id='word_1_121' title='bbox 1052 1453 1095 1492; x_wconf 92' lang='lat' dir='ltr'>in</span> <span class='ocrx_word' id='word_1_122' title='bbox 1137 1452 1311 1506; x_wconf 85' lang='lat' dir='ltr'>Epidico</span> <span class='ocrx_word' id='word_1_123' title='bbox 1344 1451 1640 1503; x_wconf 86' lang='lat' dir='ltr'>offendimus*)</span> <span class='ocrx_word' id='word_1_124' title='bbox 1675 1475 1729 1479; x_wconf 96' lang='lat'><strong>—</strong></span> <span class='ocrx_word' id='word_1_125' title='bbox 1760 1454 1802 1492; x_wconf 86' lang='lat' dir='ltr'>et</span> 
     </span>
     <span class='ocr_line' id='line_1_18' title="bbox 289 1523 1799 1580; baseline -0.001 -14"><span class='ocrx_word' id='word_1_126' title='bbox 289 1526 361 1579; x_wconf 89' lang='lat' dir='ltr'>qui</span> <span class='ocrx_word' id='word_1_127' title='bbox 393 1523 546 1566; x_wconf 83' lang='lat' dir='ltr'>factum</span> <span class='ocrx_word' id='word_1_128' title='bbox 591 1538 680 1566; x_wconf 89' lang='lat' dir='ltr'>esse</span> <span class='ocrx_word' id='word_1_129' title='bbox 711 1530 851 1580; x_wconf 88' lang='lat' dir='ltr'>putas,</span> <span class='ocrx_word' id='word_1_130' title='bbox 895 1529 939 1566; x_wconf 90' lang='lat' dir='ltr'>ut</span> <span class='ocrx_word' id='word_1_131' title='bbox 979 1525 1088 1579; x_wconf 85' lang='lat' dir='ltr'>apud</span> <span class='ocrx_word' id='word_1_132' title='bbox 1119 1524 1350 1565; x_wconf 90' lang='lat' dir='ltr'>Lucianum</span> <span class='ocrx_word' id='word_1_133' title='bbox 1394 1525 1504 1577; x_wconf 86' lang='lat' dir='ltr'>(dial.</span> <span class='ocrx_word' id='word_1_134' title='bbox 1534 1527 1698 1565; x_wconf 84' lang='lat' dir='ltr'>meretr.</span> <span class='ocrx_word' id='word_1_135' title='bbox 1732 1524 1799 1575; x_wconf 88' lang='lat'>15)</span> 
     </span>
     <span class='ocr_line' id='line_1_19' title="bbox 291 1595 1804 1651; baseline 0.001 -15"><span class='ocrx_word' id='word_1_136' title='bbox 291 1597 528 1651; x_wconf 77' lang='grc' dir='ltr'>στρατιώτης</span> <span class='ocrx_word' id='word_1_137' title='bbox 581 1596 599 1636; x_wconf 74' lang='grc' dir='ltr'>ὁ</span> <span class='ocrx_word' id='word_1_138' title='bbox 655 1595 829 1642; x_wconf 76' lang='grc' dir='ltr'>Αἰτωλὸς</span> <span class='ocrx_word' id='word_1_139' title='bbox 880 1601 1244 1649; x_wconf 75' lang='lat' dir='ltr'>commemoretur,</span> <span class='ocrx_word' id='word_1_140' title='bbox 1286 1597 1493 1650; x_wconf 88' lang='lat' dir='ltr'>siquidem</span> <span class='ocrx_word' id='word_1_141' title='bbox 1546 1600 1689 1637; x_wconf 90' lang='lat' dir='ltr'>notum</span> <span class='ocrx_word' id='word_1_142' title='bbox 1741 1599 1804 1638; x_wconf 88' lang='lat' dir='ltr'>est</span> 
     </span>
     <span class='ocr_line' id='line_1_20' title="bbox 289 1669 1801 1723; baseline 0 -13"><span class='ocrx_word' id='word_1_143' title='bbox 289 1669 531 1710; x_wconf 89' lang='lat' dir='ltr'>Aetolorum</span> <span class='ocrx_word' id='word_1_144' title='bbox 573 1670 761 1710; x_wconf 84' lang='lat' dir='ltr'>civitates</span> <span class='ocrx_word' id='word_1_145' title='bbox 807 1682 1018 1723; x_wconf 83' lang='lat' dir='ltr'>nunquam</span> <span class='ocrx_word' id='word_1_146' title='bbox 1063 1670 1141 1710; x_wconf 85' lang='lat' dir='ltr'>hoc</span> <span class='ocrx_word' id='word_1_147' title='bbox 1189 1672 1373 1723; x_wconf 86' lang='lat' dir='ltr'>tempore</span> <span class='ocrx_word' id='word_1_148' title='bbox 1414 1669 1567 1710; x_wconf 86' lang='lat' dir='ltr'>milites</span> <span class='ocrx_word' id='word_1_149' title='bbox 1609 1669 1801 1710; x_wconf 87' lang='lat' dir='ltr'>mercede</span> 
     </span>
     <span class='ocr_line' id='line_1_21' title="bbox 289 1741 1801 1801; baseline 0.001 -20"><span class='ocrx_word' id='word_1_150' title='bbox 289 1741 563 1782; x_wconf 82' lang='lat' dir='ltr'>conduxisse!</span> <span class='ocrx_word' id='word_1_151' title='bbox 610 1741 741 1782; x_wconf 89' lang='lat' dir='ltr'>Immo</span> <span class='ocrx_word' id='word_1_152' title='bbox 782 1754 873 1782; x_wconf 89' lang='lat' dir='ltr'>meo</span> <span class='ocrx_word' id='word_1_153' title='bbox 913 1741 1080 1795; x_wconf 55' lang='lat' dir='ltr'>&lt;pridem</span> <span class='ocrx_word' id='word_1_154' title='bbox 1122 1742 1279 1782; x_wconf 87' lang='lat' dir='ltr'>iudicio</span> <span class='ocrx_word' id='word_1_155' title='bbox 1318 1744 1478 1801; x_wconf 83' lang='lat' dir='ltr'>constat</span> <span class='ocrx_word' id='word_1_156' title='bbox 1509 1741 1801 1799; x_wconf 80' lang='lat' dir='ltr'>macedonium</span> 
     </span>
     <span class='ocr_line' id='line_1_22' title="bbox 289 1812 1803 1879; baseline 0.002 -27"><span class='ocrx_word' id='word_1_157' title='bbox 289 1812 464 1873; x_wconf 81' lang='lat' dir='ltr'>militem</span> <span class='ocrx_word' id='word_1_158' title='bbox 494 1813 536 1853; x_wconf 91' lang='lat' dir='ltr'>in</span> <span class='ocrx_word' id='word_1_159' title='bbox 569 1813 794 1854; x_wconf 85' lang='lat' dir='ltr'>comoediis</span> <span class='ocrx_word' id='word_1_160' title='bbox 834 1826 928 1854; x_wconf 91' lang='lat' dir='ltr'>eum</span> <span class='ocrx_word' id='word_1_161' title='bbox 958 1813 1177 1868; x_wconf 85' lang='lat' dir='ltr'>appellari,</span> <span class='ocrx_word' id='word_1_162' title='bbox 1220 1815 1292 1868; x_wconf 88' lang='lat' dir='ltr'>qui</span> <span class='ocrx_word' id='word_1_163' title='bbox 1325 1813 1492 1879; x_wconf 62' lang='lat' dir='ltr'>natione</span> <span class='ocrx_word' id='word_1_164' title='bbox 1526 1813 1705 1874; x_wconf 40' lang='lat' dir='ltr'>Mae-edo</span> <span class='ocrx_word' id='word_1_165' title='bbox 1738 1815 1803 1867; x_wconf 89' lang='lat' dir='ltr'>sit,</span> 
     </span>
     <span class='ocr_line' id='line_1_23' title="bbox 290 1885 1803 1940; baseline 0.002 -15"><span class='ocrx_word' id='word_1_166' title='bbox 290 1885 400 1939; x_wconf 89' lang='lat' dir='ltr'>quod</span> <span class='ocrx_word' id='word_1_167' title='bbox 431 1885 502 1938; x_wconf 90' lang='lat' dir='ltr'>qui</span> <span class='ocrx_word' id='word_1_168' title='bbox 533 1885 719 1926; x_wconf 83' lang='lat' dir='ltr'>refellere</span> <span class='ocrx_word' id='word_1_169' title='bbox 749 1885 948 1939; x_wconf 81' lang='lat' dir='ltr'>studebit,</span> <span class='ocrx_word' id='word_1_170' title='bbox 994 1887 1033 1927; x_wconf 90' lang='lat' dir='ltr'>ei</span> <span class='ocrx_word' id='word_1_171' title='bbox 1073 1891 1168 1927; x_wconf 89' lang='lat' dir='ltr'>ante</span> <span class='ocrx_word' id='word_1_172' title='bbox 1199 1887 1339 1927; x_wconf 85' lang='lat' dir='ltr'>onmia</span> <span class='ocrx_word' id='word_1_173' title='bbox 1374 1887 1669 1940; x_wconf 80' lang='lat' dir='ltr'>explicandum</span> <span class='ocrx_word' id='word_1_174' title='bbox 1713 1887 1803 1940; x_wconf 87' lang='lat' dir='ltr'>erit,</span> 
     </span>
     <span class='ocr_line' id='line_1_24' title="bbox 290 1956 1802 2013; baseline 0.001 -17"><span class='ocrx_word' id='word_1_175' title='bbox 290 1969 371 2010; x_wconf 88' lang='lat' dir='ltr'>quo</span> <span class='ocrx_word' id='word_1_176' title='bbox 401 1960 518 2010; x_wconf 81' lang='lat' dir='ltr'>paeto</span> <span class='ocrx_word' id='word_1_177' title='bbox 549 1957 658 2010; x_wconf 85' lang='lat' dir='ltr'>apud</span> <span class='ocrx_word' id='word_1_178' title='bbox 691 1957 984 2011; x_wconf 82' lang='lat' dir='ltr'>Aleiphronem</span> <span class='ocrx_word' id='word_1_179' title='bbox 1017 1958 1080 1999; x_wconf 88' lang='grc' dir='ltr'>ΠΙ</span> <span class='ocrx_word' id='word_1_180' title='bbox 1113 1960 1166 1999; x_wconf 82' lang='grc'>58</span> <span class='ocrx_word' id='word_1_181' title='bbox 1197 1958 1215 1997; x_wconf 74' lang='grc' dir='ltr'>ὁ</span> <span class='ocrx_word' id='word_1_182' title='bbox 1250 1956 1426 2003; x_wconf 68' lang='grc' dir='ltr'>Μαλιεῦς</span> <span class='ocrx_word' id='word_1_183' title='bbox 1459 1957 1570 2004; x_wconf 75' lang='grc' dir='ltr'>οὗτος</span> <span class='ocrx_word' id='word_1_184' title='bbox 1608 1959 1802 2013; x_wconf 78' lang='grc' dir='ltr'>στρατιώ-</span> 
     </span>
     <span class='ocr_line' id='line_1_25' title="bbox 289 2025 1802 2085; baseline 0.003 -17"><span class='ocrx_word' id='word_1_185' title='bbox 289 2043 371 2082; x_wconf 78' lang='grc' dir='ltr'><strong>της,</strong></span> <span class='ocrx_word' id='word_1_186' title='bbox 404 2027 467 2068; x_wconf 86' lang='lat' dir='ltr'>III</span> <span class='ocrx_word' id='word_1_187' title='bbox 490 2028 541 2067; x_wconf 89' lang='grc'>16</span> <span class='ocrx_word' id='word_1_188' title='bbox 574 2043 627 2073; x_wconf 80' lang='grc' dir='ltr'>τις</span> <span class='ocrx_word' id='word_1_189' title='bbox 654 2025 853 2082; x_wconf 72' lang='grc' dir='ltr'>Ἀκαρνὰν</span> <span class='ocrx_word' id='word_1_190' title='bbox 884 2031 907 2082; x_wconf 67' lang='grc' dir='ltr'>ἠ</span> <span class='ocrx_word' id='word_1_191' title='bbox 938 2027 1113 2075; x_wconf 46' lang='lat' dir='ltr'>Mamm</span> <span class='ocrx_word' id='word_1_192' title='bbox 1149 2030 1404 2084; x_wconf 67' lang='grc' dir='ltr'>μισθοφόρος,</span> <span class='ocrx_word' id='word_1_193' title='bbox 1438 2031 1546 2085; x_wconf 87' lang='lat' dir='ltr'>apud</span> <span class='ocrx_word' id='word_1_194' title='bbox 1567 2030 1802 2072; x_wconf 60' lang='lat' dir='ltr'>[lucianum</span> 
     </span>
     <span class='ocr_line' id='line_1_26' title="bbox 290 2100 1802 2157; baseline 0.003 -17"><span class='ocrx_word' id='word_1_195' title='bbox 290 2100 384 2141; x_wconf 89' lang='lat' dir='ltr'>dial.</span> <span class='ocrx_word' id='word_1_196' title='bbox 416 2103 577 2141; x_wconf 86' lang='lat' dir='ltr'>meretr.</span> <span class='ocrx_word' id='word_1_197' title='bbox 614 2101 634 2140; x_wconf 82' lang='lat'>1</span> <span class='ocrx_word' id='word_1_198' title='bbox 659 2101 920 2142; x_wconf 73' lang='lat' dir='ltr'>Acar-uanius</span> <span class='ocrx_word' id='word_1_199' title='bbox 951 2103 1081 2155; x_wconf 90' lang='lat' dir='ltr'>miles,</span> <span class='ocrx_word' id='word_1_200' title='bbox 1118 2103 1166 2143; x_wconf 84' lang='lat'>15</span> <span class='ocrx_word' id='word_1_201' title='bbox 1192 2103 1463 2157; x_wconf 77' lang='lat' dir='ltr'>Meg-arensis,</span> <span class='ocrx_word' id='word_1_202' title='bbox 1497 2103 1548 2144; x_wconf 86' lang='lat'>13</span> <span class='ocrx_word' id='word_1_203' title='bbox 1570 2103 1802 2145; x_wconf 80' lang='lat' dir='ltr'>Aristaeeh-</span> 
     </span>
     <span class='ocr_line' id='line_1_27' title="bbox 290 2172 1803 2229; baseline 0.003 -16"><span class='ocrx_word' id='word_1_204' title='bbox 290 2185 383 2214; x_wconf 89' lang='lat' dir='ltr'>mus</span> <span class='ocrx_word' id='word_1_205' title='bbox 414 2173 588 2213; x_wconf 91' lang='lat' dir='ltr'>Aetolus</span> <span class='ocrx_word' id='word_1_206' title='bbox 617 2172 850 2214; x_wconf 88' lang='lat' dir='ltr'>laudentur.</span> <span class='ocrx_word' id='word_1_207' title='bbox 912 2173 1104 2216; x_wconf 88' lang='lat' dir='ltr'>Dubitari</span> <span class='ocrx_word' id='word_1_208' title='bbox 1136 2178 1267 2229; x_wconf 88' lang='lat' dir='ltr'>potest</span> <span class='ocrx_word' id='word_1_209' title='bbox 1311 2175 1362 2216; x_wconf 90' lang='lat' dir='ltr'>de</span> <span class='ocrx_word' id='word_1_210' title='bbox 1395 2175 1626 2228; x_wconf 83' lang='lat' dir='ltr'>Babylonio</span> <span class='ocrx_word' id='word_1_211' title='bbox 1658 2175 1803 2229; x_wconf 89' lang='lat' dir='ltr'>milite,</span> 
     </span>
     <span class='ocr_line' id='line_1_28' title="bbox 292 2243 1803 2302; baseline 0.003 -18"><span class='ocrx_word' id='word_1_212' title='bbox 292 2245 364 2298; x_wconf 90' lang='lat' dir='ltr'>qui</span> <span class='ocrx_word' id='word_1_213' title='bbox 396 2244 438 2284; x_wconf 91' lang='lat' dir='ltr'>in</span> <span class='ocrx_word' id='word_1_214' title='bbox 459 2243 706 2285; x_wconf 87' lang='lat' dir='ltr'>Truculento</span> <span class='ocrx_word' id='word_1_215' title='bbox 730 2245 959 2294; x_wconf 70' lang='lat' dir='ltr'>inducitur-3</span> <span class='ocrx_word' id='word_1_216' title='bbox 1001 2250 1126 2300; x_wconf 86' lang='lat' dir='ltr'>atque</span> <span class='ocrx_word' id='word_1_217' title='bbox 1159 2259 1253 2288; x_wconf 88' lang='lat' dir='ltr'>eum</span> <span class='ocrx_word' id='word_1_218' title='bbox 1287 2248 1458 2301; x_wconf 86' lang='lat' dir='ltr'>quidem</span> <span class='ocrx_word' id='word_1_219' title='bbox 1490 2251 1530 2289; x_wconf 89' lang='lat' dir='ltr'>et</span> <span class='ocrx_word' id='word_1_220' title='bbox 1558 2247 1648 2302; x_wconf 89' lang='lat' dir='ltr'>ipse</span> <span class='ocrx_word' id='word_1_221' title='bbox 1679 2247 1803 2289; x_wconf 89' lang='lat' dir='ltr'>credo</span> 
     </span>
     <span class='ocr_line' id='line_1_29' title="bbox 290 2315 1802 2372; baseline 0.004 -17"><span class='ocrx_word' id='word_1_222' title='bbox 290 2315 520 2367; x_wconf 82' lang='lat' dir='ltr'>Babylonis</span> <span class='ocrx_word' id='word_1_223' title='bbox 552 2317 663 2370; x_wconf 85' lang='lat' dir='ltr'>regis</span> <span class='ocrx_word' id='word_1_224' title='bbox 693 2317 892 2358; x_wconf 86' lang='lat' dir='ltr'>latronem</span> <span class='ocrx_word' id='word_1_225' title='bbox 934 2318 1035 2372; x_wconf 84' lang='lat' dir='ltr'>diei,</span> <span class='ocrx_word' id='word_1_226' title='bbox 1080 2319 1215 2372; x_wconf 87' lang='lat' dir='ltr'>quode</span> <span class='ocrx_word' id='word_1_227' title='bbox 1256 2319 1351 2360; x_wconf 84' lang='lat' dir='ltr'>vide</span> <span class='ocrx_word' id='word_1_228' title='bbox 1391 2319 1510 2361; x_wconf 88' lang='lat' dir='ltr'>infra.</span> <span class='ocrx_word' id='word_1_229' title='bbox 1571 2319 1661 2361; x_wconf 86' lang='lat' dir='ltr'>Iam</span> <span class='ocrx_word' id='word_1_230' title='bbox 1705 2333 1802 2362; x_wconf 86' lang='lat' dir='ltr'>vero</span> 
     </span>
     <span class='ocr_line' id='line_1_30' title="bbox 291 2386 1804 2448; baseline 0.004 -20"><span class='ocrx_word' id='word_1_231' title='bbox 291 2386 539 2428; x_wconf 79' lang='lat' dir='ltr'>Macedones</span> <span class='ocrx_word' id='word_1_232' title='bbox 570 2400 650 2428; x_wconf 90' lang='lat' dir='ltr'>non</span> <span class='ocrx_word' id='word_1_233' title='bbox 683 2388 814 2429; x_wconf 88' lang='lat' dir='ltr'>solum</span> <span class='ocrx_word' id='word_1_234' title='bbox 848 2390 889 2429; x_wconf 89' lang='lat' dir='ltr'>in</span> <span class='ocrx_word' id='word_1_235' title='bbox 922 2390 1154 2444; x_wconf 78' lang='lat' dir='ltr'>Cassandri,</span> <span class='ocrx_word' id='word_1_236' title='bbox 1186 2404 1330 2432; x_wconf 83' lang='lat' dir='ltr'>verum</span> <span class='ocrx_word' id='word_1_237' title='bbox 1364 2393 1488 2432; x_wconf 87' lang='lat' dir='ltr'>etiam</span> <span class='ocrx_word' id='word_1_238' title='bbox 1519 2393 1564 2433; x_wconf 87' lang='lat' dir='ltr'>in</span> <span class='ocrx_word' id='word_1_239' title='bbox 1596 2393 1804 2448; x_wconf 87' lang='lat' dir='ltr'>Antigoni</span> 
     </span>
     <span class='ocr_line' id='line_1_31' title="bbox 239 2458 1804 2519; baseline 0.005 -20"><span class='ocrx_word' id='word_1_240' title='bbox 239 2471 243 2477; x_wconf 89' lang='lat'>·</span> <span class='ocrx_word' id='word_1_241' title='bbox 291 2458 518 2500; x_wconf 84' lang='lat' dir='ltr'>Ptolemaei</span> <span class='ocrx_word' id='word_1_242' title='bbox 549 2458 709 2500; x_wconf 83' lang='lat' dir='ltr'>Seleuci</span> <span class='ocrx_word' id='word_1_243' title='bbox 743 2460 978 2515; x_wconf 82' lang='lat' dir='ltr'>legionibus</span> <span class='ocrx_word' id='word_1_244' title='bbox 1009 2463 1216 2517; x_wconf 84' lang='lat' dir='ltr'>stipendia</span> <span class='ocrx_word' id='word_1_245' title='bbox 1256 2464 1491 2518; x_wconf 87' lang='lat' dir='ltr'>merebant,</span> <span class='ocrx_word' id='word_1_246' title='bbox 1538 2478 1666 2519; x_wconf 84' lang='lat' dir='ltr'>quare</span> <span class='ocrx_word' id='word_1_247' title='bbox 1697 2466 1804 2507; x_wconf 90' lang='lat' dir='ltr'>nihil</span> 
     </span>
     <span class='ocr_line' id='line_1_32' title="bbox 292 2530 1803 2589; baseline 0.007 -19"><span class='ocrx_word' id='word_1_248' title='bbox 292 2530 500 2584; x_wconf 90' lang='lat' dir='ltr'>prohibet,</span> <span class='ocrx_word' id='word_1_249' title='bbox 542 2544 593 2572; x_wconf 90' lang='lat' dir='ltr'>ne</span> <span class='ocrx_word' id='word_1_250' title='bbox 625 2530 933 2587; x_wconf 86' lang='lat' dir='ltr'>Cratesipolidis</span> <span class='ocrx_word' id='word_1_251' title='bbox 977 2548 1142 2589; x_wconf 86' lang='lat' dir='ltr'>quoque</span> <span class='ocrx_word' id='word_1_252' title='bbox 1187 2536 1296 2577; x_wconf 89' lang='lat' dir='ltr'>inter</span> <span class='ocrx_word' id='word_1_253' title='bbox 1326 2536 1482 2578; x_wconf 86' lang='lat' dir='ltr'>milites</span> <span class='ocrx_word' id='word_1_254' title='bbox 1527 2538 1630 2580; x_wconf 85' lang='lat' dir='ltr'>tales</span> <span class='ocrx_word' id='word_1_255' title='bbox 1673 2537 1803 2580; x_wconf 87' lang='lat' dir='ltr'>fuisse</span> 
     </span>
     <span class='ocr_line' id='line_1_33' title="bbox 292 2602 1803 2658; baseline 0.007 -16"><span class='ocrx_word' id='word_1_256' title='bbox 292 2602 548 2644; x_wconf 82' lang='lat' dir='ltr'>arbitremur.</span> <span class='ocrx_word' id='word_1_257' title='bbox 609 2602 869 2658; x_wconf 81' lang='lat' dir='ltr'>Quamquam</span> <span class='ocrx_word' id='word_1_258' title='bbox 901 2607 1173 2648; x_wconf 86' lang='lat' dir='ltr'>libentissime</span> <span class='ocrx_word' id='word_1_259' title='bbox 1219 2609 1400 2649; x_wconf 88' lang='lat' dir='ltr'>concede</span> <span class='ocrx_word' id='word_1_260' title='bbox 1441 2610 1485 2649; x_wconf 90' lang='lat' dir='ltr'>in</span> <span class='ocrx_word' id='word_1_261' title='bbox 1524 2611 1650 2652; x_wconf 87' lang='lat' dir='ltr'>huius</span> <span class='ocrx_word' id='word_1_262' title='bbox 1682 2623 1803 2652; x_wconf 82' lang='lat' dir='ltr'>exer-</span> 
     </span>
     <span class='ocr_line' id='line_1_34' title="bbox 293 2675 1805 2736; baseline 0.007 -20"><span class='ocrx_word' id='word_1_263' title='bbox 293 2675 377 2716; x_wconf 88' lang='lat' dir='ltr'>citu</span> <span class='ocrx_word' id='word_1_264' title='bbox 425 2687 494 2716; x_wconf 90' lang='lat' dir='ltr'>eos</span> <span class='ocrx_word' id='word_1_265' title='bbox 544 2688 709 2729; x_wconf 89' lang='lat' dir='ltr'>quoque</span> <span class='ocrx_word' id='word_1_266' title='bbox 753 2675 996 2722; x_wconf 87' lang='lat' dir='ltr'>Macedones</span> <span class='ocrx_word' id='word_1_267' title='bbox 1046 2680 1198 2732; x_wconf 88' lang='lat' dir='ltr'>fuisse,</span> <span class='ocrx_word' id='word_1_268' title='bbox 1251 2694 1354 2736; x_wconf 89' lang='lat' dir='ltr'>quos</span> <span class='ocrx_word' id='word_1_269' title='bbox 1397 2686 1518 2724; x_wconf 86' lang='lat' dir='ltr'>autea</span> <span class='ocrx_word' id='word_1_270' title='bbox 1559 2683 1805 2726; x_wconf 81' lang='lat' dir='ltr'>Alexander</span> 
     </span>
    </p>
   </div>
   <div class='ocr_carea' id='block_1_3' title="bbox 409 2844 1804 2900">
    <p class='ocr_par' dir='ltr' id='par_1_3' title="bbox 409 2844 1804 2900">
     <span class='ocr_line' id='line_1_35' title="bbox 409 2844 1804 2900; baseline 0.009 -22"><span class='ocrx_word' id='word_1_271' title='bbox 409 2844 443 2889; x_wconf 88' lang='lat'>*)</span> <span class='ocrx_word' id='word_1_272' title='bbox 470 2845 572 2880; x_wconf 84' lang='lat' dir='ltr'>Hunc</span> <span class='ocrx_word' id='word_1_273' title='bbox 607 2847 702 2889; x_wconf 87' lang='lat' dir='ltr'>quod</span> <span class='ocrx_word' id='word_1_274' title='bbox 735 2847 1031 2887; x_wconf 86' lang='lat' dir='ltr'>Wilamowitzius</span> <span class='ocrx_word' id='word_1_275' title='bbox 1065 2853 1112 2887; x_wconf 90' lang='lat' dir='ltr'>im</span> <span class='ocrx_word' id='word_1_276' title='bbox 1145 2852 1216 2887; x_wconf 88' lang='lat' dir='ltr'>ind.</span> <span class='ocrx_word' id='word_1_277' title='bbox 1245 2854 1355 2888; x_wconf 88' lang='lat' dir='ltr'>schol.</span> <span class='ocrx_word' id='word_1_278' title='bbox 1391 2854 1487 2888; x_wconf 86' lang='lat' dir='ltr'>Gott.</span> <span class='ocrx_word' id='word_1_279' title='bbox 1518 2857 1649 2900; x_wconf 77' lang='grc'><strong>189314</strong></span> <span class='ocrx_word' id='word_1_280' title='bbox 1682 2866 1716 2900; x_wconf 85' lang='lat' dir='ltr'>p.</span> <span class='ocrx_word' id='word_1_281' title='bbox 1747 2856 1804 2900; x_wconf 86' lang='lat'>14)</span> 
     </span>
    </p>
   </div>
   <div class='ocr_carea' id='block_1_4' title="bbox 290 2903 1806 3001">
    <p class='ocr_par' dir='ltr' id='par_1_4' title="bbox 290 2903 1806 3001">
     <span class='ocr_line' id='line_1_36' title="bbox 290 2903 1806 2958; baseline 0.009 -22"><span class='ocrx_word' id='word_1_282' title='bbox 290 2903 328 2938; x_wconf 88' lang='lat' dir='ltr'>in</span> <span class='ocrx_word' id='word_1_283' title='bbox 353 2903 582 2939; x_wconf 89' lang='lat' dir='ltr'>Euboeorum</span> <span class='ocrx_word' id='word_1_284' title='bbox 608 2906 769 2940; x_wconf 77' lang='lat' dir='ltr'>exercitu</span> <span class='ocrx_word' id='word_1_285' title='bbox 795 2908 1016 2955; x_wconf 80' lang='lat' dir='ltr'>militantem,</span> <span class='ocrx_word' id='word_1_286' title='bbox 1042 2916 1131 2947; x_wconf 88' lang='lat' dir='ltr'>natu</span> <span class='ocrx_word' id='word_1_287' title='bbox 1157 2912 1336 2947; x_wconf 87' lang='lat' dir='ltr'>Rhodium</span> <span class='ocrx_word' id='word_1_288' title='bbox 1363 2914 1573 2958; x_wconf 84' lang='lat' dir='ltr'>appellavit,</span> <span class='ocrx_word' id='word_1_289' title='bbox 1608 2925 1729 2949; x_wconf 87' lang='lat' dir='ltr'>merae</span> <span class='ocrx_word' id='word_1_290' title='bbox 1753 2914 1806 2948; x_wconf 91' lang='lat' dir='ltr'>in-</span> 
     </span>
     <span class='ocr_line' id='line_1_37' title="bbox 294 2963 668 3001; baseline 0.003 -2"><span class='ocrx_word' id='word_1_291' title='bbox 294 2963 406 3000; x_wconf 85' lang='lat' dir='ltr'>dulsit</span> <span class='ocrx_word' id='word_1_292' title='bbox 431 2965 668 3001; x_wconf 83' lang='lat' dir='ltr'>coniecturae.</span> 
     </span>
    </p>
   </div>
  </div>
 </body>
</html>
