2023 3299
1012 213 1067 256 24

282 336 373 388 post
402 346 435 373 a.
469 331 551 372 303
593 342 846 385 quemquam
887 341 1030 370 earum
1061 330 1326 384 meminisse,
1371 341 1478 384 quae
1522 333 1617 371 ante
1661 328 1804 371 decem

281 406 427 459 plusve
459 415 589 443 annos
630 405 773 457 gestae
815 402 960 442 erant?
1021 399 1216 456 Denique
1258 402 1434 456 tempori
1475 402 1639 444 fabulae
1681 415 1806 458 supra

283 476 505 517 constituto
547 475 721 515 minime
764 475 930 515 videtur
976 474 1222 527 convenire,
1261 474 1372 528 quod
1416 474 1806 529 Therapontigonus

282 546 576 599 Platagidorus
603 547 781 585 statuam
805 556 973 584 auream
998 546 1227 584 statuturus
1259 548 1332 598 est,
1364 558 1446 598 qua
1476 547 1584 587 facta
1614 560 1690 587 sua
1720 559 1807 588 me-

281 618 439 658 moriae
471 617 636 671 prodat,
676 614 719 656 id
753 617 865 657 enim
898 617 939 656 in
975 615 1133 657 latrone
1165 615 1370 657 Demetrii
1410 630 1489 659 nec
1521 619 1808 672 perspicimus,

282 691 315 731 si
341 689 464 744 paulo
496 692 591 730 ante
622 702 700 730 1100
730 689 765 729 31
791 689 913 743 paulo
946 691 1036 742 post
1054 689 1261 742 proelium
1284 689 1493 744 Ipsiacum
1511 690 1806 732 Curculionem

283 763 421 803 datam
454 774 543 802 esse
565 762 798 802 statuimus.
843 760 968 801 Dices
990 761 1163 802 militem
1186 761 1415 815 gloriosum
1438 775 1613 818 semper,
1644 763 1809 805 etiamsi

282 835 389 875 nihil
421 833 682 888 praestiterit,
711 844 778 873 res
809 845 833 872 a
863 844 906 871 30
928 834 1066 882 gestas
1084 832 1335 886 praedicare.
1387 833 1546 888 Fateor,
1577 834 1650 875 sed
1682 834 1808 875 etiam

282 907 351 948 hic
382 910 516 959 tenco,
549 905 659 960 quod
691 918 816 958 supra
846 904 989 958 posui,
1038 917 1182 946 01111103
1215 918 1345 946 novae
1378 907 1618 948 comoediae
1647 906 1810 948 fabulas

284 980 403 1034 quasi
434 979 649 1034 speculum
689 977 888 1032 praebere
931 977 996 1017 3111
1038 978 1256 1032 temporis,
1301 992 1382 1019 non
1423 979 1556 1034 igitur
1596 979 1809 1034 probabile

283 1051 390 1092 (11100
424 1050 557 1091 111111111
579 1052 740 1104 poetam
759 1049 1016 1090 Poliorcctae
1048 1050 1224 1091 militem
1246 1050 1466 1092 induxisse
1489 1055 1808 1093 monumentum

282 1125 401 1166 factis
433 1123 521 1164 suis
552 1125 826 1175 statuturum,
868 1135 961 1163 011111
995 1123 1181 1163 011111111111
1216 1122 1468 1165 Graecorum
1515 1125 1645 1165 animi
1684 1125 1809 1166 vehe-

283 1200 446 1239 menter
484 1196 647 1237 incitati
690 1195 825 1250 qualis
865 1195 1018 1235 summi
1057 1195 1167 1236 inter
1211 1208 1332 1251 reges
1374 1196 1628 1238 discriminis
1671 1197 1811 1238 exitus

284 1272 392 1311 03301
421 1269 588 1309 futurus
620 1267 928 1322 exspectabant,
960 1279 1037 1308 nec
1067 1267 1204 1322 magis
1238 1268 1360 1322 paulo
1403 1272 1496 1323 post
1527 1282 1652 1324 quam
1686 1269 1808 1310 Anti-

283 1341 385 1397 goni
417 1344 458 1382 et
473 1340 676 1382 Demetrii
709 1340 852 1394 copiae
874 1339 1167 1394 gravissimam
1190 1340 1349 1381 cladem
1374 1344 1625 1396 acceperunt
1644 1354 1809 1383 eorum-

285 1425 366 1467 que
398 1424 593 1453 eversum
637 1413 699 1452 est
737 1423 929 1465 regnum.
991 1409 1124 1451 Immo
1165 1414 1237 1451 aut
1275 1411 1396 1452 fallor
1442 1415 1514 1453 aut
1545 1411 1811 1453 Curculionis

283 1470 400 1526 locus
437 1483 615 1538 scriptus
656 1485 739 1536 est,
783 1495 878 1523 cum
918 1481 1024 1522 bello
1066 1482 1206 1536 aliquo
1251 1481 1301 1522 ab
1336 1482 1539 1536 Antigoni
1570 1481 1811 1537 legionibus

284 1570 438 1612 magna
469 1570 564 1597 cum
596 1555 718 1596 laude
751 1558 867 1609 gesto
900 1568 982 1608 pax
1012 1567 1095 1595 11011
1127 1555 1186 1595 ita
1216 1554 1347 1595 multo
1379 1557 1474 1596 ante
1504 1555 1612 1596 facta
1643 1558 1740 1596 erat.

399 1626 518 1667 Alias
548 1625 681 1680 igitur
712 1624 1026 1666 consideremus
1058 1627 1219 1679 oportet
1239 1623 1433 1677 Sicyonis
1464 1625 1810 1680 oppugnationes.

285 1699 426 1753 Atque
471 1698 522 1739 de
554 1697 813 1752 temporibus
844 1697 1053 1738 societatis
1084 1696 1293 1737 Achaicae
1333 1709 1385 1737 ne
1417 1698 1676 1751 cogitemus,
1715 1709 1812 1738 cum

285 1772 366 1813 alia
398 1771 562 1812 obstant
600 1774 690 1811 tum
721 1770 866 1810 militis
898 1770 1087 1810 condicio
1121 1773 1161 1810 01
1190 1769 1319 1821 facta3
1369 1782 1477 1811 unus
1518 1770 1708 1824 reliquus
1749 1772 1813 1811 est

285 1856 420 1885 annus
439 1844 557 1897 313,
599 1855 681 1897 quo
720 1841 1015 1895 Telesphorum
1059 1841 1109 1883 ab
1142 1842 1357 1896 Antigono
1396 1840 1441 1881 in
1473 1840 1810 1896 Peloponnesum

284 1917 461 1957 missum
491 1914 716 1968 Sicyonem
764 1917 805 1956 et
835 1914 1082 1956 Corinthum
1124 1914 1316 1955 adortum
1358 1926 1449 1955 esse
1491 1913 1570 1955 etsi
1612 1926 1695 1955 non
1737 1927 1810 1956 ex-

287 2088 420 2132 gebant
456 2087 742 2132 Atheniensique
779 2097 930 2122 scaenae
973 2086 1118 2122 fabulas
1151 2086 1363 2122 condebant.
1428 2085 1532 2130 Quod
1563 2085 1695 2122 Macho
1729 2086 1813 2122 Ale-

287 2150 464 2185 xandriae
491 2150 649 2194 scripsit,
676 2161 748 2184 non
774 2150 944 2193 Athenis,
981 2149 1019 2184 id
1045 2160 1151 2193 quam
1178 2149 1362 2193 singulare
1387 2148 1552 2183 habitum
1578 2148 1626 2183 sit
1650 2147 1811 2184 videmus

287 2224 366 2247 cum
398 2212 501 2256 inde,
538 2212 635 2256 quod
667 2213 855 2247 Athenaeo
892 2212 1029 2247 diserta
1055 2212 1394 2246 commemoratione
1429 2211 1575 2255 dignum
1611 2210 1726 2245 visum
1758 2214 1814 2246 est

286 2272 349 2317 (Vl
375 2271 498 2316 241f.)
531 2275 607 2305 tuin
640 2282 684 2306 ex
718 2272 977 2316 epigrammate
1011 2271 1203 2316 sepulchro
1240 2271 1317 2306 cius
1349 2271 1526 2315 inscripto
1567 2271 1712 2316 (Athen.
1738 2270 1760 2306 1.
1788 2270 1815 2306 l.

285 2335 393 2369 Anth.
422 2333 497 2368 Pal.
525 2333 594 2368 VII
621 2335 714 2379 708).
767 2334 835 2377 Qui
861 2338 981 2368 autem
1013 2332 1152 2368 sactum
1186 2333 1254 2376 sit,
1293 2336 1333 2367 ut
1366 2332 1470 2367 modo
1496 2331 1669 2375 Athenis,
1705 2331 1811 2367 modo

286 2396 373 2430 alibi
413 2406 489 2430 rem
531 2394 679 2430 fabulae
712 2395 866 2430 tractari
898 2395 1114 2439 fingeretur,
1153 2395 1222 2429 viri
1263 2393 1361 2428 docti
1402 2396 1555 2438 excepto
1586 2393 1814 2428 Dziatzkone

287 2468 461 2501 quaerere
488 2457 604 2492 adhuc
631 2457 739 2502 plane
766 2457 1059 2502 supersederunt.
1100 2459 1221 2500 Atque
1248 2456 1292 2491 de
1306 2455 1573 2500 Amphitruone
1599 2459 1636 2490 et
1651 2454 1812 2500 Captivis

284 2529 342 2553 res
368 2517 564 2553 manifesta
598 2522 653 2553 est
687 2529 752 2553 nec
788 2518 948 2553 dubitari
980 2522 1102 2563 potest
1137 2517 1181 2552 de
1214 2517 1332 2552 Milite
1367 2517 1554 2560 Glorioso,
1592 2515 1688 2560 quod
1725 2526 1811 2552 vero

285 2578 461 2613 Rudentis
501 2589 632 2614 scaena
675 2579 824 2623 Cyrenis
865 2583 940 2623 est,
977 2578 1295 2613 Menaechmorum
1335 2576 1546 2621 Epidamni,
1584 2576 1811 2611 Curculionis

283 2639 471 2684 Epidauri,
499 2640 650 2675 Poenuli
676 2639 858 2685 Calydone
887 2662 927 2665 —
956 2640 1000 2675 de
1038 2639 1167 2674 Naevii
1202 2638 1405 2673 Tarentilla
1439 2648 1569 2681 parum
1602 2636 1723 2672 edocti
1754 2647 1814 2672 su-

284 2710 361 2733 mus
389 2720 432 2725 —
459 2699 495 2734 id
530 2710 610 2734 mea
637 2699 780 2743 quidem
807 2700 988 2735 sententia
1023 2710 1130 2734 unam
1166 2698 1276 2732 habet
1302 2697 1601 2741 explicationem:
1637 2696 1817 2732 cavebant

284 2763 433 2804 poetae,
470 2771 514 2795 nc
554 2761 659 2804 pueri
691 2760 747 2795 vel
785 2761 928 2804 puellae
968 2772 989 2796 a
1023 2759 1268 2806 praedonibus
1304 2759 1403 2803 rapti
1428 2759 1591 2793 Athenas
1625 2758 1663 2793 in
1689 2758 1816 2793 urbem

283 2819 520 2867 εὐνομωτάτην
548 2823 796 2864 portarentur,
824 2820 906 2855 inde
933 2831 994 2855 eos
1013 2819 1154 2855 auferri
1179 2822 1215 2854 et
1241 2822 1370 2863 postea
1389 2817 1538 2862 agnosci
1562 2816 1672 2853 facile
1699 2817 1815 2862 patie-

282 2882 424 2916 bantur.
465 2882 518 2916 De
534 2881 742 2916 Cistellaria
766 2882 852 2925 quid
871 2893 1047 2926 censeam,
1074 2883 1227 2917 haereo:
1254 2892 1301 2916 an
1321 2880 1430 2915 docta
1455 2883 1522 2924 est,
1549 2879 1634 2915 dum
1646 2879 1815 2914 Athenae

283 2943 553 2987 obsidebantur,
579 2947 619 2977 ut
646 2943 847 2978 Menander
875 2946 952 2980 eius
979 2948 1231 2990 argumentum
1258 2944 1331 2978 alia
1357 2943 1394 2978 in
1419 2942 1510 2978 urbe
1535 2942 1596 2987 agi
1621 2941 1816 2978 maluerit?
