2023 3299
958 151 1011 193 60

234 273 388 315 fuerint
440 273 510 327 qui
564 272 687 313 verba
731 271 821 312 eius
871 271 1037 323 possent
1082 268 1237 310 audire.
1311 267 1363 307 121
1408 279 1552 308 cim-em
1592 264 1748 306 dixerit

235 345 582 399 simplicissimam
616 343 738 384 habet
770 343 876 381 vini:
910 352 1077 381 scurrae
1110 353 1190 380 non
1215 339 1347 380 solum
1381 351 1430 380 ea
1460 339 1609 390 sciunt,
1641 349 1748 391 quae

235 431 307 459 rex
341 430 433 458 cum
467 417 611 470 regina
642 415 849 456 fabulatus
881 416 965 464 cst,
1011 426 1154 454 verum
1189 412 1311 453 etiam
1346 424 1415 465 ea,
1458 423 1565 466 quae
1596 410 1667 452 ille
1698 422 1746 451 eo

234 489 405 530 consilio
439 502 489 530 no
521 489 764 529 audirentur
796 487 965 540 reginae
998 485 1286 526 insusurravit.
1348 483 1492 538 Friget
1524 486 1748 537 praeterea,

236 559 344 611 quod
367 559 679 612 famigeratorcs
711 570 758 598 ea
781 557 944 597 novisse
968 555 1175 607 dicuntur,
1206 567 1312 608 quae
1343 553 1393 594 ad
1422 566 1538 594 sacra
1557 552 1748 593 facienda

235 634 449 684 praecepta
482 643 555 671 rex
589 630 711 670 uxori
743 628 912 679 dederit,
943 631 1153 681 tamquam
1189 639 1236 667 ea
1268 626 1496 680 comperire
1526 625 1748 666 Athenien-

236 700 343 740 sium
377 701 517 754 magni
542 699 792 749 interfuerit,
835 697 1060 738 tenendum
1094 698 1205 738 enim
1239 700 1300 737 est
1316 695 1631 750 Megaronidam
1665 706 1748 735 non

236 777 318 813 tam
351 774 481 827 queri,
510 773 551 812 in
585 770 947 826 famigeratoribus
979 770 1148 822 scilicet,
1180 769 1288 821 quod
1322 769 1436 823 regis
1467 768 1578 809 dicta
1608 768 1753 823 sciant,

237 855 359 895 quani
402 843 510 896 quod
556 843 598 882 in
642 843 794 895 vulgus
837 840 1019 882 efferant.
1081 839 1275 891 Denique
1307 838 1626 890 Ostermayerus
1667 849 1749 878 non

236 919 345 956 recte
365 914 577 955 contendit
608 927 749 968 regem
774 926 983 954 sacrorum
1017 913 1152 953 solum
1185 925 1277 953 cuni
1312 911 1460 965 regina
1479 910 1750 951 coniunctum

236 988 415 1028 inveniri
439 1012 493 1016 —
515 988 556 1027 id
579 987 689 1041 quod
722 987 784 1027 vel
818 1000 889 1040 per
920 998 963 1026 se
985 985 1210 1026 admodum
1244 984 1332 1025 veri
1355 983 1558 1024 dissimile
1590 986 1653 1024 est
1673 997 1748 1035 —3
1790 984 1793 985 ⁷

237 1060 363 1101 Stich.
397 1062 536 1101 v.133
570 1060 786 1114 Pamphila
817 1072 860 1100 sc
892 1062 932 1100 et
962 1059 1159 1100 maritum
1191 1071 1314 1099 suum
1346 1069 1548 1111 pauperes
1580 1056 1752 1110 opponit

237 1133 327 1187 regi
370 1132 647 1186 reginaeque,
692 1131 763 1172 ubi
809 1144 928 1171 nemo
970 1143 1112 1184 regem
1155 1129 1477 1171 Atheniensium
1517 1127 1750 1180 subaudiet,

237 1206 385 1245 Alexis
439 1206 479 1245 in
528 1204 703 1245 Crateua
755 1206 843 1257 (fi-g.
878 1204 974 1256 111)
1020 1202 1233 1244 Demetrio
1279 1202 1537 1243 Poliorcetae
1585 1199 1749 1242 Philam

238 1277 442 1329 adiunxit,
475 1290 725 1331 quamquam
759 1289 838 1317 non
872 1276 1061 1330 reginam
1095 1275 1339 1330 appellavit,
1378 1274 1451 1315 sed
1484 1270 1748 1327 Ἀφροῦίτην;

240 1362 316 1390 nec
348 1348 490 1389 dubito
523 1348 622 1402 quin
658 1349 848 1402 exempla
880 1347 1085 1389 cumulari
1117 1348 1285 1402 possint.
1347 1346 1460 1401 Ergo
1493 1346 1595 1387 haec
1626 1359 1750 1400 argu-

238 1421 434 1462 mentatio
467 1433 547 1461 non
580 1421 788 1461 satisfacit.
844 1421 907 1461 Ac
937 1420 1041 1460 mihi
1074 1420 1244 1474 quidem
1277 1432 1325 1460 ea
1356 1419 1436 1460 loci
1467 1417 1752 1473 interpretatio

240 1494 427 1534 omnium
458 1494 641 1534 maxime
673 1493 825 1547 placet,
869 1506 922 1533 ex
954 1506 1059 1547 qua,
1100 1505 1193 1534 cum
1225 1492 1461 1533 Thesaurus
1492 1491 1753 1532 Philemonis

238 1566 472 1618 docebatur,
505 1566 688 1625 iithenae
721 1567 810 1620 regi
842 1565 966 1606 alicui
998 1564 1209 1606 subiectae
1241 1567 1379 1619 erant,
1420 1564 1506 1605 scil.
1537 1562 1751 1623 Demetrio

239 1623 515 1689 Poliorcetae,
554 1638 623 1691 qui
656 1637 768 1678 solus
800 1637 976 1678 Athenis
1007 1637 1252 1693 simpliciter
1282 1624 1358 1677 rex
1390 1635 1524 1690 potuit
1553 1634 1754 1689 appellari

238 1713 455 1764 postquam
496 1710 568 1751 alii
610 1723 774 1764 quoque
805 1711 1074 1764 imperatores
1116 1722 1247 1769 regna
1277 1698 1559 1750 instituerunt.
1622 1709 1754 1749 Antea

241 1783 364 1823 etiam
417 1782 655 1837 Philippum
708 1782 981 1824 Arrhidaeum
1026 1768 1300 1823 Athenienses
1350 1793 1496 1835 regem
1551 1779 1756 1821 vocabant

242 1855 453 1910 (Theophr.
498 1856 606 1896 char.
639 1857 684 1908 8,
727 1856 774 1897 cf.
820 1856 965 1908 infra),
1010 1855 1061 1896 de
1114 1856 1234 1896 cuius
1274 1853 1532 1909 temporibus
1579 1852 1648 1894 hic
1700 1865 1752 1894 ne

242 1929 473 1982 cogitemus
502 1928 693 1982 prohibet
723 1930 878 1969 mentio
909 1928 1134 1971 Seleuciae.

356 1999 519 2042 Deinde
550 2002 585 2042 si
617 2002 711 2056 quis
743 2014 796 2042 ex
829 2014 886 2042 vs.
922 2002 1003 2042 598
1035 2014 1116 2056 sq.:

415 2069 504 2111 Ibit
535 2071 653 2121 istac,
686 2071 838 2125 aliquo,
869 2072 914 2112 in
945 2083 1185 2112 ozzaxumczm
1216 2069 1371 2111 malam
1404 2067 1625 2120 crucemss),

413 2143 738 2194 Latrocinaz‘um.
773 2147 845 2184 aut
875 2144 921 2185 in
952 2143 1106 2184 Asiam
1137 2146 1210 2183 aut
1240 2142 1287 2183 in
1320 2141 1512 2184 Ciliciam

242 2215 301 2256 ibi
332 2218 421 2256 tum
452 2215 605 2257 bellun]
639 2220 801 2271 gestum
836 2230 923 2258 esse
955 2217 1193 2271 collegerit,
1233 2215 1376 2270 procul
1417 2213 1545 2255 dubio
1576 2211 1756 2254 nimium

245 2288 517 2338 concluserit3
563 2289 671 2329 dixit
701 2288 924 2342 Stasimus,
970 2293 1016 2330 ut
1061 2303 1133 2344 par
1163 2292 1247 2342 est,
1287 2286 1540 2343 generaliter
1584 2298 1654 2327 eas
1692 2297 1757 2327 re-

245 2361 404 2415 giones,
432 2361 474 2401 in
508 2361 659 2415 quibus
691 2363 843 2403 milites
864 2362 1114 2404 conducticii
1147 2361 1330 2403 maxime
1360 2357 1682 2415 imperatoribus
1714 2369 1759 2398 se

248 2432 439 2474 addicere
470 2433 666 2474 solebant.

360 2505 503 2547 Restat
531 2510 620 2560 post
651 2519 710 2559 ea,
742 2521 846 2561 quae
870 2508 1186 2563 disputavimus,
1218 2509 1262 2548 ut
1283 2506 1495 2559 terminos,
1526 2517 1630 2557 quos
1650 2504 1761 2544 intra

246 2578 480 2620 Thesaurus
511 2578 649 2620 doceri
689 2581 886 2634 potuerit,
929 2581 1059 2622 artius
1091 2579 1493 2621 circumscribamus.
1563 2576 1613 2618 In
1645 2579 1759 2618 ante—

366 2755 399 2800 ἓξ<)
427 2755 485 2789 Sic
509 2756 583 2790 Leo
619 2766 673 2790 me
708 2755 828 2790 doc-uit
854 2755 1180 2802 interpungendum
1214 2766 1294 2791 esse
1328 2758 1364 2790 et
1390 2753 1662 2799 explicandum:
1695 2753 1762 2789 ibit

248 2818 349 2862 istac,
377 2817 397 2852 i.
426 2828 453 2852 e.
481 2818 571 2852 istac
599 2818 755 2862 regione,
783 2822 885 2853 extr-a
911 2819 1055 2863 urbem,
1089 2819 1223 2864 aliquo,
1256 2817 1377 2853 nescio
1405 2827 1487 2861 quo,
1513 2815 1578 2851 sed
1603 2819 1701 2851 certe
1723 2815 1760 2850 in

249 2879 455 2925 perniciem,
481 2884 607 2925 utpote
633 2881 897 2916 latrocinatum,
