1988 3273
956 251 1010 292 55

465 361 651 414 Orasque
682 362 858 404 Italicas
888 366 1023 406 omnis
1040 368 1074 414 *)

229 434 535 476 circumvectus
578 447 667 475 esse
709 437 858 480 fertur:
903 450 994 477 naun
1038 443 1127 492 post
1155 452 1189 479 a.
1223 440 1304 479 275
1342 439 1499 492 Pyrrho
1542 454 1593 481 ex
1628 441 1745 483 Italia

228 517 398 560 egresso
441 519 586 547 omnes
627 511 759 548 terrae
802 508 986 548 maribus
1038 493 1198 551 vicinae
1247 511 1328 550 otio
1382 511 1624 553 fruebantur
1669 526 1744 554 nec

227 577 309 619 nisi
350 578 394 618 in
427 579 529 618 mari
568 578 779 619 Adriatico
813 581 1039 633 praedones
1072 581 1205 634 Illyrii
1250 582 1387 622 nautis
1420 583 1580 624 molesti
1613 589 1741 625 erant.

225 648 424 705 Superest
455 650 597 704 igitur,
631 655 675 692 ut
706 664 771 710 res
802 650 1191 706 Epidamniensiuni
1225 655 1573 708 contemplemur2
1619 661 1743 710 atque

226 722 294 764 hic
335 736 503 777 quoque
535 723 759 764 dicendum
805 728 866 764 est
907 738 974 770 ea,
1015 737 1120 777 quae
1164 726 1373 766 veteribus
1416 726 1466 767 ab
1505 729 1744 770 auctoribus

223 794 375 836 tradita
406 799 526 847 sunt,
569 795 672 835 nihil
707 809 781 836 nos
813 796 969 837 docere.
1031 797 1111 838 Sed
1145 798 1327 838 vicissim
1369 799 1403 838 si
1436 799 1620 847 fabulae,
1661 815 1744 855 qua

225 865 278 908 de
307 867 458 921 agitur,
491 867 692 908 rationem
725 867 937 914 habemus,
969 869 1197 921 symbolam
1232 870 1349 910 nobis
1378 871 1567 912 videmur
1598 871 1742 914 afferre

225 951 346 994 posse
389 938 441 980 ad
474 938 671 980 historiae
715 940 829 980 illius
870 942 1064 994 temporis
1104 941 1304 982 notitiam.
1367 944 1414 982 A.
1447 935 1525 983 2'71
1562 943 1625 984 vel
1660 926 1767 985 2704·

225 998 512 1065 Apolloniates
561 1023 657 1051 cum
708 1010 866 1065 legatos
911 1011 1082 1053 Romam
1142 1013 1353 1054 mitterent
1395 1013 1495 1063 (Liv.
1535 1016 1629 1069 epit.
1666 1016 1768 1069 15),'

224 1082 433 1124 auxilium
489 1096 513 1123 a
563 1082 716 1136 populo
768 1082 954 1124 Romano
1007 1086 1203 1138 petivisse
1260 1085 1368 1126 inter
1421 1099 1563 1128 omnes
1621 1088 1743 1128 hodie

224 1158 395 1196 constat.
447 1154 604 1195 Eodem
638 1155 749 1195 enim
782 1158 966 1209 tempore
990 1156 1232 1197 Alexander
1264 1156 1413 1209 Pyrrhi
1444 1158 1555 1199 filius
1587 1158 1742 1200 bellum

224 1240 318 1269 cum
352 1227 554 1268 Monunio
595 1226 768 1282 gerebat
810 1227 1047 1279 Illyriorum
1097 1241 1218 1284 rege,
1260 1230 1330 1283 qui
1365 1234 1579 1283 postquam
1613 1230 1742 1271 Gallis

224 1312 278 1342 ex
298 1283 475 1341 GraEFia
505 1299 778 1340 redeuntibus
801 1299 975 1341 devictis
1007 1314 1104 1355 opes
1134 1315 1230 1343 suas
1252 1302 1464 1355 ingentem
1498 1304 1540 1343 in
1572 1303 1742 1344 modum

220 1373 364 1425 auxit,
406 1373 565 1413 vicinas
596 1376 725 1413 terras
756 1372 943 1427 subegit,
986 1373 1266 1428 Epidamnum
1299 1375 1533 1430 occupavit,
1580 1375 1741 1427 Pyrrho

224 1444 352 1499 Argis
381 1445 518 1486 occiso
549 1444 670 1485 facile
703 1445 837 1498 potuit
868 1432 1032 1499 sperare
1064 1458 1107 1486 se
1127 1431 1387 1500 Epirotarum
1413 1458 1580 1501 quoque
1610 1460 1740 1502 regno

224 1527 315 1556 esse
347 1514 586 1569 potiturum.
639 1513 783 1563 Qualis
815 1514 929 1555 illius
962 1515 1056 1556 belli
1091 1517 1230 1557 exitus
1261 1517 1397 1569 fuerit,
1427 1517 1623 1558 traditum
1656 1529 1739 1558 non

223 1591 308 1629 est:
342 1587 631 1628 Alexandrum
663 1599 793 1641 regno
833 1600 908 1628 suo
952 1600 1032 1627 non
1063 1588 1269 1641 privatum
1303 1601 1392 1629 esse
1423 1589 1520 1629 inde
1552 1589 1740 1642 efficitur,

223 1656 336 1712 quod
368 1657 512 1711 paucis
541 1657 663 1697 annis
695 1661 786 1710 post
807 1658 1070 1698 Acarnaniae
1102 1662 1216 1712 parte
1247 1663 1408 1712 arrepta
1430 1659 1738 1712 expeditionem

221 1729 266 1770 in
307 1727 596 1770 Macedoniam
638 1729 745 1769 fecit.
807 1728 1066 1787 Epidamnus
1111 1733 1249 1770 autem
1291 1734 1401 1771 certe
1442 1744 1476 1771 a.
1510 1731 1614 1775 230,
1655 1744 1737 1785 quo

220 1801 459 1842 societatem
492 1801 588 1841 iniit
619 1813 714 1857 cum
746 1801 896 1855 populo
929 1801 1127 1849 Romano,
1165 1801 1295 1843 libera
1327 1806 1436 1845 erat:
1479 1803 1627 1843 licetne
1658 1807 1738 1845 sta-

221 1874 338 1912 tuere
382 1871 464 1911 iam
509 1870 632 1924 paulo
674 1866 765 1924 post
806 1884 960 1931 annum
995 1872 1077 1912 270
1119 1871 1332 1927 liberatam
1387 1886 1476 1914 esse
1519 1874 1739 1915 conciliata

220 1943 332 1985 inter
363 1943 652 1984 Alexandrum
686 1948 727 1984 et
758 1943 1007 1985 Monunium
1040 1945 1173 1998 pace?
1235 1944 1478 1998 Droyseuus
1519 1945 1570 1986 de
1614 1958 1662 1986 ea
1692 1958 1736 1986 re

221 2013 440 2066 dubitavit,
483 2015 556 2055 sed
588 2015 632 2055 ni
662 2014 783 2055 fallor
813 2014 1180 2076 Menaechmorum
1212 2017 1404 2071 exemplo
1437 2016 1736 2071 comprobatur.

221 2085 344 2127 Modo
394 2085 672 2126 concedamus
714 2091 854 2140 poetas
899 2089 1046 2128 atticos
1085 2074 1520 2130 res-comoediarum
1567 2101 1734 2130 suarum

217 2171 383 2213 semper
414 2159 457 2217 in
488 2159 652 2212 graecis
683 2159 846 2213 oppidis
879 2161 1078 2214 posuisse.
1131 2159 1200 2202 Sic
1230 2161 1393 2202 fabulae
1425 2166 1607 2215 aguntur
1638 2161 1736 2215 Epi-

219 2230 353 2283 dauri,
383 2229 609 2283 Calydone,
652 2230 819 2284 Ephesi,
851 2222 1050 2285 Sicyone',
1093 2245 1306 2288 nunquam
1339 2235 1382 2274 in
1415 2234 1588 2294 barbara
1620 2233 1733 2274 urbe.

220 2303 287 2344 An
319 2302 464 2344 credes
498 2302 630 2343 ullum
662 2307 823 2356 poetam
858 2307 940 2344 tam
973 2305 1160 2358 ineptum
1191 2307 1332 2358 fuisse,
1374 2310 1419 2347 ut
1448 2306 1651 2357 fabulam,
1689 2306 1733 2345 in

219 2387 302 2429 qua
331 2375 474 2429 graeci
506 2375 696 2415 homines
730 2376 972 2429 prodibant,
1012 2389 1162 2430 graece
1201 2391 1414 2419 sermones
1451 2378 1736 2430 instituebant,

216 2458 370 2501 graeco
401 2447 541 2488 omnia
574 2447 719 2488 habitu
751 2447 897 2489 induta
930 2448 1106 2502 fuerant,
1137 2462 1172 2489 V.
1204 2462 1237 2490 c.
1273 2450 1524 2504 Carthagine
1557 2450 1627 2504 agi
1658 2449 1734 2490 fin-

337 2584 370 2630 *)
396 2585 590 2642 Hispfflos
622 2597 751 2631 nempe
787 2597 808 2621 a
834 2587 964 2621 Plauto
999 2586 1078 2632 ipso
1113 2586 1277 2638 additum
1311 2591 1376 2622 est.
1428 2587 1736 2632 Syracusanorum

217 2645 570 2691 Tarentinorumque
605 2657 714 2682 naves
749 2652 824 2682 tum
856 2647 953 2681 ultra
979 2647 1123 2682 Siciliae
1158 2651 1194 2682 et
1227 2648 1413 2682 Massiliae
1448 2658 1530 2682 oras
1565 2647 1736 2691 navigare

216 2706 352 2741 vetitae
377 2711 502 2751 erant3
539 2706 716 2751 quomodo
752 2711 872 2742 autem
899 2707 1215 2751 Carthaginienses
1243 2719 1321 2751 eos,
1358 2719 1446 2751 quos
1483 2708 1518 2741 in
1553 2718 1617 2742 suo
1644 2707 1735 2741 mari

216 2767 454 2812 offenderant,
489 2772 651 2804 tractare
677 2768 776 2803 soliti
803 2769 893 2811 sint,
930 2773 1052 2802 notum
1079 2773 1134 2803 est
1159 2779 1203 2804 ex
1228 2770 1472 2804 Eratosthene
1498 2767 1611 2813 (apud
1637 2769 1735 2802 Stra-

215 2829 344 2865 bonem
371 2832 424 2872 17,
444 2833 460 2864 l
489 2841 522 2874 p.
551 2832 646 2875 802).
699 2831 850 2866 Demum
876 2841 907 2865 a.
936 2833 1000 2864 241
1031 2829 1158 2865 alienis
1184 2831 1334 2866 navibus
1362 2831 1574 2875 permissum
1599 2834 1665 2873 est,
1692 2832 1733 2863 ut

213 2890 252 2926 in
292 2890 508 2935 Hispaniam
547 2892 880 2927 transveherentur.
944 2891 1151 2926 Plautinum
1188 2891 1472 2927 additamentum
1517 2891 1764 2935 allitterati02

213 2961 358 2996 quoque
384 2955 573 2987 monstrat.

1411 3016 1474 3058 4*
