1988 3273
906 188 956 227 31

193 301 304 356 quod
350 304 466 355 pater
509 300 600 342 cius
632 299 870 342 Demetrius
914 302 1096 357 Neptuni
1138 303 1250 345 filius
1294 307 1489 360 appellari
1537 307 1704 348 solebat„

190 372 273 423 Qui
305 378 444 414 autem
477 373 629 414 talibus
661 375 922 427 argumentis
955 377 1121 429 nititur,
1164 390 1298 418 nonne
1341 378 1376 418 ci
1424 379 1516 419 licet
1548 379 1705 431 Pyrgo-

190 445 395 500 polynicis
434 458 601 500 quoquc
647 447 815 487 nominc
859 453 1002 501 putare
1046 449 1306 504 Antigonum
1349 452 1564 491 cavillari?
1611 465 1703 492 nani

186 518 263 559 ille
293 531 330 558 V.
365 519 474 558 1265
518 531 562 559 se
596 517 770 559 Veneris
811 524 998 573 nepotem
1032 535 1121 563 csse
1163 523 1370 576 praedicat
1412 525 1472 570 (cf.
1507 537 1561 563 vs.
1598 525 1704 563 1413

189 595 232 633 et
263 591 402 642 1421),
432 590 671 632 Demetrius
701 595 838 653 autem
858 591 1038 647 Neptuni
1071 599 1113 650 ct
1127 593 1304 634 Vcncris
1336 595 1446 635 tilius
1469 595 1705 636 habebatur.

189 662 328 714 Quare
360 664 462 705 haec
493 664 620 704 missa
650 664 862 705 faciainus
923 664 1115 720 Denique
1146 679 1239 707 cum
1273 667 1395 707 ctiam
1419 680 1566 708 nomen
1597 681 1706 708 carn-

190 748 337 791 porum
371 733 733 777 Curculioniorum
765 761 817 766 —
852 737 915 777 vcl
959 751 1124 792 quoquo
1155 738 1277 778 modo
1309 739 1502 779 scribitur
1533 762 1585 768 —
1618 740 1707 780 sinc

188 807 317 849 dubio
349 821 373 849 a
394 807 544 849 Plauto
575 807 717 849 fictum
751 809 816 861 sit,
848 809 947 863 quid
984 811 1023 849 in
1054 811 1281 865 exemplari
1315 813 1449 863 fucrit,
1482 825 1554 851 nos
1587 813 1705 865 igno·

187 893 348 934 remus,
393 881 617 922 dicendum
662 885 724 922 est
771 881 821 922 de
868 881 1217 936 Pyrgopolynicis
1265 884 1571 938 pruchiffilseu
1618 885 1703 938 ipse

187 953 397 996 commisit
426 966 499 994 seu
531 953 615 1006 alii,
647 966 721 994 nos
751 955 947 995 certiores
979 969 1059 995 non
1090 956 1192 997 fieri.

186 1022 350 1066 Deinde
382 1023 643 1078 disputemus
676 1024 726 1066 de

189 1124 638 1179 Truculento.

299 1229 598 1285 ‚Stratophanes
637 1230 758 1272 miles
788 1229 1048 1283 Babylonius
1085 1231 1332 1286 appellatur,
1374 1244 1495 1285 quem
1538 1244 1635 1272 num
1682 1244 1703 1272 c

183 1303 422 1357 Babylonia
461 1308 571 1345 terra
610 1307 745 1346 ortum
789 1317 879 1345 esse
921 1308 1096 1345 statuam
1137 1317 1202 1346 me
1241 1304 1429 1345 dubitare
1461 1318 1582 1358 supra
1614 1317 1704 1358 pro-

186 1376 322 1418 fessus
353 1389 459 1418 sum.
518 1375 567 1418 Id
600 1377 712 1417 enim
730 1375 993 1430 potissimum
1026 1376 1128 1418 mihi
1160 1377 1401 1431 scrupulum
1433 1376 1562 1425 inicit⁷
1594 1376 1703 1430 quod

182 1449 346 1490 asiatici
369 1448 558 1490 homines
580 1451 690 1489 certe
714 1460 797 1488 non
823 1447 966 1489 erebro
998 1448 1080 1490 illis
1112 1447 1367 1503 temporibus
1398 1448 1440 1488 in
1474 1448 1701 1488 alienorum

184 1522 482 1576 imperatorum
514 1520 770 1562 exercitibus
800 1520 992 1562 mercede
1023 1521 1229 1576 stipendia
1260 1524 1513 1566 meruerunt,
1548 1519 1701 1561 nedum

183 1592 227 1633 in
261 1593 385 1634 attica
416 1592 632 1634 comoedia
661 1592 961 1634 inducerentur
991 1593 1228 1634 meretrices
1254 1591 1399 1632 atticas
1431 1590 1702 1644 depereuntes

185 1676 368 1719 suasque
410 1677 573 1719 pugnas
616 1664 912 1719 praedicantes.
974 1662 1287 1718 Stratophanem
1328 1663 1457 1717 igitur
1498 1661 1701 1702 Graecum

183 1735 324 1778 iudico
346 1736 577 1790 Babylonis
609 1737 777 1778 domino
810 1740 1080 1790 auctoratum,
1113 1735 1249 1791 qualis
1276 1736 1358 1776 iam
1382 1735 1422 1775 in
1446 1733 1702 1775 Philemonis

183 1807 419 1862 Babylonio
450 1808 681 1863 descriptus
710 1813 810 1860 erat.

299 1880 505 1936 Antigoni
538 1894 589 1922 an
623 1880 787 1923 Seleuci
818 1882 921 1922 latro
952 1882 1095 1935 fuerit,
1139 1893 1192 1922 ex
1225 1893 1281 1921 vs.
1315 1880 1367 1920 90
1399 1892 1457 1933 sq.
1489 1890 1702 1933 possemus

184 1950 430 2004 diiudicare,
459 1952 495 1993 si
527 1952 578 1993 de
609 1950 766 1994 Lemno
799 1952 949 1993 melius
981 1951 1115 2002 edocti
1146 1962 1342 1992 essemus.
1404 1948 1569 1990 Etenim
1601 1961 1701 2002 quo-

182 2023 298 2064 niam
315 2021 570 2064 Diniarchus
589 2035 678 2064 cum
698 2022 863 2075 publico
893 2022 1064 2074 imperio
1096 2034 1144 2063 eo
1174 2022 1380 2076 profectus
1402 2024 1474 2074 est,
1504 2020 1703 2074 sequitur,

185 2088 241 2136 ut
273 2094 412 2136 insula
454 2097 542 2136 tum
583 2094 661 2137 sub
701 2095 1027 2137 Atheniensium
1067 2097 1264 2148 potestate
1306 2093 1439 2134 fuerit.
1502 2091 1619 2134 Certe
1658 2092 1702 2133 id

183 2167 374 2209 evenisse
405 2166 561 2208 scimus
588 2180 622 2208 a.
647 2167 743 2221 306,
776 2180 858 2222 quo
879 2167 1033 2208 tributa
1052 2165 1150 2208 inde
1173 2166 1359 2208 Athenas
1381 2164 1536 2206 redisse
1559 2164 1702 2205 titulus

172 2237 336 2294 ‚atticus
377 2251 512 2294 nuper
551 2239 749 2281 inventus
792 2239 980 2292 docet*);
1039 2238 1111 2280 sed
1154 2237 1240 2279 iam
1285 2240 1407 2279 antea
1453 2236 1565 2277 idem
1611 2248 1700 2277 esse

181 2311 470 2365 statuendum,
513 2324 609 2354 cum
651 2312 808 2354 suerint
838 2313 911 2367 qui
954 2315 1044 2366 post
1084 2310 1239 2352 bellum
1270 2309 1489 2352 Lamiense
1520 2309 1698 2350 insulam

180 2382 512 2426 Atheniensibus
543 2388 726 2439 ereptam
755 2397 844 2427 esse
866 2383 1174 2437 contenderent,
1205 2382 1332 2424 efficit
1352 2382 1455 2424 alter
1473 2381 1617 2423 titulus
1629 2381 1700 2435 **),

180 2456 225 2497 in
257 2469 340 2511 quo
369 2457 562 2511 quamvis
583 2458 732 2499 mutilo
749 2458 1025 2499 Athenienses
1045 2456 1144 2510 quin
1169 2455 1379 2497 coniuncti
1400 2467 1494 2496 cum
1515 2453 1700 2495 Lcmniis

179 2528 462 2583 nominentur,
493 2529 566 2570 vix
597 2529 696 2572 licet
726 2530 917 2572 dubitare
932 2529 1026 2581 ***).
1086 2527 1211 2569 Haud
1243 2526 1552 2582 neglegendum
1583 2538 1699 2581 prae-

180 2602 293 2642 terea
324 2604 386 2642 est
406 2599 668 2644 Demetrium
691 2601 966 2644 PoliOreetam
999 2613 1031 2641 a.
1056 2599 1136 2640 307
1168 2599 1353 2640 Imbrum
1376 2597 1697 2640 Atheniensibus

297 2721 331 2769 *)
359 2722 412 2759 Cf.
432 2723 648 2769 Koehlerus‚
674 2725 770 2760 Mitt.
790 2724 822 2761 d.
841 2725 972 2760 Athen.
988 2724 1074 2758 Inst.
1097 2723 1125 2758 V
1141 2733 1175 2767 p.
1195 2724 1264 2758 268
1281 2732 1371 2766 sqq„
1397 2720 1696 2766 Dittenbergerus

167 2784 258 2831 -sylL
284 2784 393 2821 inser.
420 2797 473 2831 gr.
504 2789 581 2822 130.

295 2846 352 2894 **)
380 2847 416 2883 C.
443 2847 470 2883 I.
497 2850 540 2883 A.
566 2848 601 2884 II
625 2851 706 2885 268.

299 2908 377 2959 ***)
403 2909 496 2947 Vide
521 2911 744 2948 Koehlerum
768 2910 816 2948 ad
840 2911 874 2948 h.
901 2911 936 2955 1.,
962 2909 1189 2956 Droysenum
1212 2908 1230 2943 1
1253 2918 1288 2957 p:
1315 2908 1371 2945 81.
