1988 3273
958 216 981 254 9

205 328 270 370 vel
302 332 517 383 propterea
548 328 787 370 cinnoediac
818 329 1006 383 palliata«¹
1030 330 1182 371 milites
1214 332 1332 372 facile
1355 333 1503 373 referas
1534 334 1584 374 ad
1617 335 1717 376 haec

203 404 400 455 tempora.
464 400 638 441 Accedit
679 401 791 442 aliud
836 402 962 456 idqm·
992 404 1299 454 gravissimum.
1362 404 1506 445 Militis
1537 406 1715 447 Gloriosi

203 471 422 513 Plautinae
464 472 704 526 exemplum
743 473 914 513 atticum
960 473 1139 519 ’,Χλαζὼν
1183 475 1425 529 inscriptum
1468 483 1564 517 orat.
1624 477 1714 518 Hoc

201 547 291 585 tum
323 543 492 585 demum
525 544 614 585 fieri
647 545 842 598 potuisse,
883 560 974 587 cnm
1011 560 1115 588 vana
1146 549 1364 588 ostentatio
1395 549 1575 589 solorum
1608 549 1714 590 mili—

201 619 290 657 tum
323 617 487 671 propria
518 616 751 668 haberetur,
782 618 876 670 quis
908 625 965 658 est
1000 619 1071 672 qui
1102 618 1334 659 infitietur?
1398 621 1521 673 Atqui
1553 633 1601 662 ea
1634 622 1714 662 vir·

201 690 289 729 tute
320 688 362 728 in
395 688 567 742 antiqua
598 689 812 729 comoedia
846 691 1064 744 praecipue
1095 691 1303 744 sophistae
1334 691 1558 746 ‹lcmagogi
1602 699 1713 734 vates

202 763 369 815 poetae,
412 760 454 800 iu
498 760 635 801 media
674 762 820 814 coqui,
865 762 1016 803 milites
1058 763 1100 802 in
1136 767 1280 803 neutra
1312 776 1453 804 earnm
1499 765 1578 805 nisi
1610 778 1714 817 raro,

199 836 344 873 contra
384 832 426 872 in
460 845 569 873 nova
598 832 683 873 sola
716 832 919 886 imprimis
954 834 1139 887 insignes
1170 834 1514 888 depingebantur.
1575 835 1712 885 Quare

200 908 359 946 ceteros
390 918 557 959 quoque
589 905 726 946 Plauti
757 906 932 954 milites,
980 911 1116 961 utpote
1158 907 1229 960 qni
1263 907 1382 960 plane
1413 896 1601 948 ciusdem
1630 909 1713 949 sint

197 978 368 1032 generis
398 982 523 1032 atque
556 977 924 1031 Pyrgopolynices,
962 992 1091 1020 novae
1123 980 1361 1020 comoediae
1392 981 1597 1022 ascribere
1629 994 1710 1022 non

199 1048 497 1090 dubitabimus.
568 1051 708 1104 Atque
755 1050 935 1104 pmfecto
984 1051 1172 1092 videmus
1218 1053 1357 1092 omnia
1402 1065 1508 1105 quae
1553 1052 1605 1093 ab
1651 1054 1711 1094 eis

199 1123 407 1164 iactantur
446 1122 628 1177 Philippi
670 1123 942 1164 Macedonum
991 1123 1100 1179 regis
1145 1129 1329 1178 tempora
1376 1125 1588 1166 excedere.
1648 1124 1710 1167 De

197 1194 380 1250 singulis
411 1195 519 1235 infra
549 1207 614 1236 res
645 1195 747 1243 erit,
794 1195 860 1236 hic
894 1209 1019 1236 unum
1051 1208 1220 1237 monere
1252 1196 1383 1237 liceat.
1444 1196 1490 1236 In
1524 1196 1710 1238 Poenulo

200 1269 253 1320 (v.
286 1267 370 1308 470
402 1268 508 1322 sqq.)
542 1268 870 1309 Antamoenides
901 1269 1121 1322 sexaginta
1164 1268 1278 1308 milia
1320 1268 1533 1308 hominum
1567 1268 1710 1309 volati-

199 1353 343 1382 corum
374 1339 579 1394 gloriatur
618 1352 662 1381 se
704 1341 792 1381 suis
825 1341 1007 1395 ipsorum
1036 1341 1186 1394 pennis
1217 1340 1494 1381 obtruncasse.
1554 1340 1645 1381 Hoc
1675 1342 1708 1381 si

199 1425 234 1455 e.
267 1426 300 1454 c.
331 1411 593 1466 Antiphanes
625 1412 836 1463 finxisset,
881 1414 970 1453 iure
1009 1413 1098 1454 sine
1142 1412 1269 1453 dubio
1302 1417 1471 1453 vocatus
1512 1415 1619 1454 esset
1649 1413 1711 1453 in-

196 1481 347 1536 sulsus,
378 1484 505 1525 immo
537 1484 617 1525 tale
648 1485 913 1526 mendacium
946 1498 1024 1525 non
1058 1485 1191 1540 potuit
1231 1497 1325 1526 vere
1356 1484 1578 1525 ridiculum
1609 1497 1712 1538 esse,

198 1555 280 1597 nisi
311 1568 406 1597 cum
438 1569 570 1598 novae
592 1557 807 1611 pugnandi
840 1558 1020 1598 rationes
1041 1558 1235 1598 inventae
1257 1561 1385 1608 erant,
1415 1569 1543 1597 novas
1573 1561 1714 1597 contra

199 1627 355 1680 beluas,
386 1629 636 1683 elephantos,
667 1629 949 1670 dimicandum
982 1631 1125 1682 fuerat,
1155 1642 1265 1669 nova
1298 1629 1514 1669 hominum
1545 1640 1711 1682 genera,

198 1701 445 1754 Amazones,
476 1702 518 1741 in
552 1701 734 1742 historiis
766 1702 892 1756 vulgo
925 1702 1101 1743 narratis
1132 1701 1389 1742 circumferri
1411 1704 1554 1754 coepta
1584 1703 1709 1741 erantu

312 1771 394 1814 Sed
440 1774 542 1814 haec
587 1774 798 1815 hactenus.
862 1773 965 1815 Cum
1008 1774 1153 1815 militis
1192 1786 1369 1827 persona
1409 1785 1708 1826 nonnunquam

197 1845 421 1888 coniuncta
451 1851 514 1887 est
543 1831 733 1900 parasiti,
775 1849 899 1900 atque
932 1846 1037 1886 hanc
1068 1858 1192 1886 unam
1227 1845 1498 1899 parasitorum
1529 1844 1709 1898 speciem

197 1917 328 1959 solius
359 1931 490 1960 novae
522 1918 761 1960 comoediae
792 1919 997 1973 propriam
1030 1930 1120 1958 esse
1151 1918 1285 1958 ausim
1317 1916 1532 1958 affirmare.
1578 1915 1709 1957 Testis

197 1994 261 2032 est
281 1989 511 2032 Menander
541 1992 641 2045 ipse,
672 1992 793 2032 cuius
825 2003 877 2032 ex
900 1990 1046 2031 Colace
1067 1989 1212 2030 militis
1244 1994 1285 2030 et
1315 1989 1481 2043 parasiti
1514 2000 1709 2042 personas

194 2063 413 2108 Terentius
444 2064 487 2103 in
519 2063 771 2104 Eunuchum
803 2076 919 2104 suam
957 2063 1121 2116 recepit.
1179 2061 1244 2102 Ibi
1275 2061 1386 2102 enim
1409 2060 1570 2101 Gnatho
1602 2064 1710 2114 post-

196 2149 323 2192 quam
353 2135 640 2177 condicionem
673 2149 790 2176 suam
814 2135 1066 2176 luculentem
1089 2134 1353 2189 praedicavit,
1385 2132 1485 2173 dicit
1516 2133 1567 2183 (v,
1587 2133 1706 2183 2403:

524 2220 592 2260 cyo
625 2207 724 2248 adeo
754 2207 860 2248 Ῐιιιησ
884 2207 1050 2258 primus
1079 2206 1223 2246 invem·
1252 2205 1375 2257 vium,

195 2293 303 2336 quae
344 2280 470 2322 verba
513 2293 594 2321 non
635 2279 756 2321 aliter
787 2279 987 2334 explicari
1020 2282 1191 2334 possunt
1235 2277 1316 2319 nisi
1358 2281 1402 2318 ut
1432 2276 1708 2318 Menandrum

195 2353 375 2410 primum
423 2353 556 2408 prima
611 2353 653 2392 in
703 2351 849 2393 Colace
894 2351 1119 2405 parasitum
1165 2351 1450 2392 adsentantem
1500 2360 1707 2402 suumque

194 2430 414 2482 patronum
445 2428 779 2467 contemnentem
812 2425 992 2479 glorioso
1036 2435 1131 2464 cum
1165 2423 1295 2464 milite
1327 2421 1597 2462 coniunxisse
1627 2424 1707 2461 sta-

193 2501 343 2540 tuatur.
391 2497 513 2539 Unde
533 2497 830 2538 concludamus
852 2499 1009 2550 oportet
1026 2494 1278 2536 Eunuchum
1295 2493 1514 2535 Menandri
1535 2516 1589 2521 —-
1610 2505 1706 2533 nam

192 2569 237 2610 in
268 2581 317 2610 ea
338 2581 505 2624 quoque
528 2572 747 2622 utramque
767 2579 981 2622 personam
1014 2566 1141 2607 fuisse
1171 2566 1281 2607 inter
1301 2578 1444 2606 omnes
1465 2567 1624 2605 constat
1643 2587 1708 2615 —-,

192 2639 578 2696 Disexapatontem,
602 2641 828 2682 Alazonem
847 2643 937 2694 post
954 2637 1142 2678 Colacem
1161 2638 1413 2691 conscriptas
1430 2648 1531 2678 esse.
1577 2633 1707 2676 Aliud

194 2718 362 2768 quoque
390 2713 665 2767 parasitorum
697 2725 834 2766 genus
867 2709 1118 2751 Ribbeckius
1150 2709 1322 2762 (Kolax,
1361 2708 1466 2749 Abh.
1509 2707 1545 2748 d.
1577 2706 1705 2749 sachs.

193 2784 287 2826 Ges.
322 2784 444 2838 1884,
475 2798 511 2839 p.
546 2785 612 2837 19)
644 2784 721 2825 soli
753 2796 882 2825 novae
915 2781 1152 2824 comoediae
1182 2782 1383 2836 ascripsit,
1427 2793 1521 2821 cum
1553 2780 1704 2820 iratum

192 2860 319 2912 atque
351 2855 579 2898 ulciscendi
609 2856 807 2910 cupidum
840 2854 1065 2910 parasitum
1105 2867 1130 2895 a
1160 2852 1328 2908 Diphilo
1359 2853 1576 2893 inventum
1616 2862 1705 2892 esse

195 2927 369 2970 censuit.
430 2926 484 2968 Ni
514 2927 658 2982 fallor,
700 2928 824 2969 nimis
855 2926 1061 2968 audacter.
1122 2924 1227 2967 Nam
1259 2937 1355 2966 cum
1402 2924 1502 2966 haec
1530 2934 1706 2978 persona
