2023 3299
305 296 392 336 lam
425 294 670 336 accedamus
700 292 749 333 ad

307 399 813 458 Curculionem,

302 506 422 546 cuius
453 507 744 557 argumentum
777 501 818 540 in
855 513 901 540 co
934 498 1112 552 positum
1144 504 1218 552 est,
1259 503 1302 540 ut
1333 498 1583 540 Phaedromi
1613 497 1816 552 parasitus

303 578 503 631 pecuniae
550 580 717 615 mutuae
763 572 970 626 rogandae
1015 585 1139 612 causa
1194 573 1234 612 in
1284 571 1447 612 Cariam
1494 572 1700 624 profectus
1756 568 1816 610 ibi

305 649 475 688 militem
510 646 727 687 offenderit
758 650 799 686 ct
830 646 868 684 in
903 643 1095 683 convivio
1128 643 1313 694 anulum,
1345 656 1426 696 quo
1460 642 1635 682 tabellae
1667 641 1817 682 Plane-

303 720 409 759 sium
458 718 706 757 liberaturae
749 713 1031 768 obsignandae
1074 718 1190 765 sunt,
1235 712 1350 753 ebrio
1392 711 1617 752 abstulerit.
1677 711 1819 764 Atque

305 791 483 844 primum
513 787 713 841 gravibus
745 784 1059 827 difficultatibus
1099 784 1364 838 implicamur
1407 787 1654 837 quaerentes
1697 781 1818 836 quid-

304 874 397 901 nam
443 860 586 900 Cariae
634 859 800 899 nomine
842 855 1141 910 significaverit
1182 860 1313 910 poeta.
1377 855 1461 895 Vix
1504 859 1642 895 notam
1689 854 1818 894 Asiae

302 936 476 981 terram,
521 944 618 971 uum
651 930 761 971 enim
786 929 1001 969 credemus
1018 927 1310 968 Curculionem
1343 927 1472 968 solius
1495 926 1658 980 argenti
1679 925 1819 966 mutui

302 1005 479 1058 rogandi
511 1017 657 1056 causa,
701 1002 809 1056 quod
856 1001 982 1041 multo
1021 1001 1185 1041 facilius
1229 1013 1279 1041 ex
1316 1001 1452 1040 vicino
1485 999 1635 1054 oppido
1678 1002 1819 1053 petere

304 1078 502 1132 potuerit,
544 1090 657 1116 mare
690 1077 904 1129 Aegaeum
938 1074 1134 1114 transisse
1177 1077 1301 1127 atque
1342 1073 1588 1114 brevissimo
1621 1075 1820 1126 tempore,

304 1148 548 1202 quadriduo,
579 1148 814 1188 intermisso
847 1145 1102 1199 Epidaurum
1136 1145 1386 1186 revertisse?
1448 1143 1664 1198 Nusquam
1697 1143 1817 1184 audi-

304 1234 395 1261 mus
428 1221 478 1261 de
511 1221 619 1270 navi,
650 1233 731 1273 qua
763 1224 803 1259 ct
832 1219 897 1258 hic
929 1221 969 1258 et
983 1217 1371 1271 Therapontigonus
1401 1216 1658 1269 advenerint,
1689 1217 1817 1256 immo

303 1307 338 1333 v.
364 1293 445 1333 363
478 1292 652 1332 suadere
686 1291 860 1341 videtur,
892 1294 934 1329 ut
965 1302 1045 1330 non
1080 1290 1137 1329 ita
1168 1289 1340 1343 longum
1367 1289 1545 1342 spatium
1578 1287 1819 1329 interfuisse

301 1370 529 1406 statuamus
560 1365 667 1404 inter
698 1362 860 1403 Cariam
892 1367 930 1402 et
960 1361 1230 1416 Epidaurum.
1276 1361 1499 1402 Praeterea
1530 1360 1677 1401 merito
1708 1359 1818 1401 Koe-

302 1438 417 1491 nigio
450 1436 628 1487 (Quaest.
660 1436 888 1485 Plautinae,
920 1447 1053 1489 progr.
1086 1433 1319 1474 Patschkau
1356 1434 1464 1474 1883
1499 1446 1534 1487 p.
1567 1434 1610 1483 8)
1643 1445 1817 1487 scrupu-

303 1510 389 1550 lum
422 1509 562 1555 movit,
605 1508 714 1562 quod
746 1508 947 1561 parasitus
978 1506 1153 1547 militem
1195 1507 1236 1546 in
1281 1507 1367 1546 foro
1400 1505 1553 1546 dicitur
1593 1503 1817 1546 offendisse

305 1584 354 1632 (v.
379 1581 503 1631 336),
550 1580 721 1620 Plautus
753 1580 883 1633 igitur
902 1578 1063 1620 Cariam
1097 1584 1207 1619 certe
1242 1577 1384 1619 urben]
1411 1577 1634 1631 putavit*).
1682 1576 1818 1630 Adde,

305 1654 413 1708 quod
448 1655 580 1694 sulla
604 1652 728 1694 Cares
759 1657 1134 1693 commemorantur
1167 1656 1210 1692 ut.
1240 1655 1397 1691 remota
1428 1654 1552 1704 atque
1585 1650 1820 1704 longinqua

304 1727 442 1779 natio,
483 1738 606 1779 quam
636 1725 1021 1779 Therapontigonus
1053 1724 1289 1777 subegerit,
1333 1723 1443 1778 quod
1476 1735 1572 1764 cum
1603 1722 1817 1776 probabile

303 1799 356 1839 sit
386 1811 407 1838 a
439 1810 588 1851 graeco
620 1802 738 1851 poeta
768 1798 909 1837 fictum
941 1809 1030 1838 esse
1063 1796 1126 1848 (cf.
1160 1797 1294 1849 infra),
1325 1796 1436 1836 hunc
1478 1807 1645 1849 quoque
1675 1795 1818 1836 crede-

304 1884 396 1910 mus
427 1870 718 1910 Curculionem
761 1883 841 1910 non
889 1871 958 1910 illo
998 1870 1145 1910 fecisse
1191 1868 1542 1923 proficiscentem,
1581 1881 1724 1909 verum
1772 1868 1816 1908 in

304 1942 499 1996 oppidum
532 1942 699 1995 aliquod
733 1942 941 1983 Graeciae.
1002 1943 1131 1996 Atqui
1165 1942 1245 1983 tale
1290 1954 1371 1981 non
1415 1944 1561 1981 notum
1606 1944 1688 1994 est,
1735 1941 1817 1982 nisi

305 2014 415 2068 quod
447 2013 710 2068 Megarorum
753 2027 889 2054 arcem
923 2011 1072 2067 Καρίαν
1117 2015 1372 2054 nominatam
1416 2013 1546 2054 fuisse
1585 2013 1818 2056 Pausanias

304 2085 323 2126 Ι
358 2086 420 2137 10,
444 2086 466 2124 6
501 2086 724 2126 memoriae
761 2086 963 2139 prodidit3
1005 2086 1076 2126 sed
1109 2086 1160 2126 de
1192 2086 1267 2126 hac
1300 2086 1484 2139 cogitare
1507 2097 1656 2139 nempe
1686 2085 1820 2126 insul-

304 2171 394 2198 sum
428 2161 499 2198 est.
562 2157 652 2212 Ego
685 2158 910 2210 nescimus,
951 2157 1060 2211 quod
1093 2157 1288 2211 oppidum
1322 2156 1627 2211 significaverit
1668 2158 1819 2199 atticus

305 2234 432 2283 poeta.

273 2358 276 2364 Δ
419 2301 502 2341 Iam
536 2305 673 2341 autem
706 2305 838 2341 certos
869 2301 1065 2356 temporis
1085 2303 1284 2343 terminos
1315 2302 1358 2342 in
1388 2301 1527 2342 fabula
1557 2301 1647 2355 ipsa
1678 2301 1816 2342 inesse

273 2366 396 2414 '‘cum
443 2374 514 2414 alii
560 2376 648 2414 tum
690 2372 1035 2415 Wilamowitzius
1081 2375 1244 2427 (Isyllos
1292 2387 1369 2415 von
1412 2373 1647 2427 Epidauros
1675 2386 1713 2427 p.
1745 2374 1815 2427 37)

305 2449 601 2498 cognoverunt.
663 2444 873 2486 Parasitus
903 2459 924 2486 a
958 2433 1124 2499 [sycone
1155 2445 1353 2501 trapeZita
1378 2445 1440 2486 bb
1473 2445 1585 2486 oculi
1613 2446 1818 2488 iacturam

305 2516 465 2556 derisus
509 2520 647 2556 narrat
687 2529 730 2557 se
775 2517 881 2570 apud
915 2517 1137 2571 Sicyonem
1167 2519 1373 2574 catapulta
1413 2519 1542 2559 ictum
1583 2530 1694 2572 esse,
1735 2531 1818 2572 quo

304 2657 453 2696 propter
479 2664 630 2695 coquina
665 2654 869 2697 thriosum.
922 2655 1113 2691 Fefellisse
1147 2667 1227 2691 eum
1261 2655 1433 2690 iudicium
1467 2667 1511 2690 ex
1545 2655 1616 2699 eis,
1650 2666 1742 2700 quae
1775 2655 1820 2691 de

305 2716 464 2754 tempore
493 2712 661 2746 Pseudoli
687 2715 851 2757 exposita
880 2720 972 2759 sunt,
1000 2716 1089 2750 satis
1116 2726 1297 2759 superque
1324 2719 1489 2759 apparet.

423 2772 453 2815 ἢ)
480 2772 595 2806 Alidis
624 2784 764 2816 quoquc
790 2776 930 2810 nomine
957 2775 1172 2820 significavit
1191 2776 1374 2820 oppidum,
1401 2775 1447 2810 cf.
1470 2786 1521 2811 vs.
1549 2777 1604 2819 26,
1631 2778 1711 2820 510,
1737 2778 1818 2820 544,

306 2833 385 2874 547,
413 2836 490 2875 aad,
519 2837 596 2867 590.
640 2835 770 2869 Moneo
797 2836 862 2869 hot·
890 2842 1042 2882 propter
1058 2837 1221 2871 Brixium
1247 2837 1344 2883 (adn.
1372 2837 1428 2872 ad.
1456 2849 1487 2873 V.
1515 2839 1580 2872 571
1609 2847 1696 2872 suae
1722 2837 1820 2882 edit„

336 2907 343 2926 l
