2023 3299
1022 207 1079 248 44

296 331 429 387 potuit
471 329 709 384 significare
752 326 833 368 nisi
877 324 1030 366 milites
1073 324 1378 378 conducticios,
1421 326 1672 380 quapropter
1707 313 1813 365 'mihi

297 404 460 445 videtur
502 404 760 456 corruptum,
804 412 879 440 nec
920 401 1058 439 tamen
1100 397 1217 439 valeo
1259 397 1491 439 emendare.
1554 396 1813 439 Mercaturae

296 478 427 531 igitur
457 488 582 516 causa
612 474 872 528 Epignomus
906 475 946 512 et
975 469 1292 525 Pamphilippus
1323 470 1445 510 domo
1477 469 1680 511 abierunt.
1731 468 1814 511 Sed

296 563 391 591 cum
422 549 499 589 hac
528 560 572 588 rc
604 559 684 587 non
715 545 891 586 multum
924 542 1201 598 proficiamus,
1242 542 1325 583 alia
1356 541 1667 584 consideremus
1697 542 1812 584 testi·

295 622 447 662 monia.

411 694 549 748 Atque
582 691 874 747 gravissimum
908 692 970 730 est
999 689 1063 743 id,
1104 701 1186 743 quo
1226 687 1489 743 Epignomus
1520 688 1747 743 parasitum
1788 701 1812 731 a

297 779 399 809 cena
429 769 549 808 arcet.
610 764 810 819 Legimus
842 776 898 803 vs.
930 762 1014 803 490
1046 775 1130 817 sq.:

522 836 583 879 At
614 837 651 878 ci
681 840 863 878 oratores
894 837 994 875 suut
1015 833 1149 888 popli,
1181 834 1331 875 summi
1360 833 1457 885 viri,

530 909 753 951 Ambracio
784 908 955 949 veniunt
985 906 1062 949 lma
1092 906 1217 961 Zegyati
1238 906 1414 959 publice.

297 985 411 1026 Hacc
451 982 750 1038 spectatoribus
783 980 1105 1022 Atheniensibus
1144 980 1292 1021 merito
1337 979 1497 1020 insulsa
1537 979 1627 1020 visa
1667 983 1816 1034 essent,

298 1058 379 1098 nisi
409 1069 452 1098 re
485 1068 592 1109 vora,
624 1068 717 1096 cum
741 1054 956 1108 Adelphoe
988 1053 1224 1106 docebatur,
1256 1053 1410 1107 legatio
1432 1052 1659 1093 Ambracia
1689 1052 1816 1094 missa

299 1133 406 1170 esset
437 1129 643 1181 Athenas,
683 1127 726 1168 id
758 1126 867 1181 quod
900 1127 972 1166 vix
1002 1126 1157 1167 factum
1189 1139 1278 1167 esse
1307 1126 1541 1180 putaveris,
1582 1125 1716 1167 donec
1744 1125 1817 1167 illa

300 1202 397 1243 urbs
444 1201 520 1242 sub
567 1200 843 1241 Macedonum
887 1201 1087 1253 potestate
1135 1202 1232 1240 erat.
1309 1199 1437 1253 Atqui
1490 1211 1542 1240 ex
1590 1197 1815 1240 Plutarcho

300 1274 458 1327 (Pyrrh.
492 1274 531 1325 6)
564 1274 719 1314 scimus
750 1271 1037 1314 Alexandrum
1069 1271 1291 1313 Cassandri
1321 1271 1455 1312 filium
1487 1285 1510 1312 a
1541 1272 1666 1313 fratre
1697 1272 1816 1313 Anti-

298 1350 412 1402 patro
443 1347 576 1401 patria
595 1347 816 1400 privatum,
848 1348 891 1385 ut
915 1357 1092 1399 regnum
1115 1344 1386 1386 Macedoniae
1409 1345 1626 1398 acciperet,
1655 1344 1816 1398 Pyrrho

298 1433 391 1461 cum
423 1419 524 1460 alias
555 1422 685 1459 terras
715 1422 804 1459 tum
835 1420 910 1457 τῶν
944 1417 1160 1471 ἐπικτήτων
1193 1416 1320 1457 ἐθνῶν
1353 1414 1621 1471 Ἀμβρακίαν,
1667 1414 1816 1472 Ἀκαρ-

299 1491 451 1542 νανίαν,
495 1486 760 1545 Ἀμφιλοχίαν
793 1490 1054 1544 promisisse,
1094 1490 1206 1530 hunc
1246 1490 1307 1530 eis
1347 1489 1486 1530 statim
1517 1489 1694 1543 potitum
1725 1501 1816 1531 esse

300 1568 351 1617 (a.
382 1565 491 1617 295).
553 1563 815 1618 Quamquam
847 1567 986 1604 autem
1028 1563 1139 1604 idem
1173 1562 1443 1603 Ambraciam
1481 1561 1624 1603 sedem
1654 1561 1816 1617 regiam

300 1638 456 1679 creavit
496 1637 677 1691 indeque
718 1637 876 1691 legatos
907 1637 1094 1677 Athenas
1133 1637 1298 1677 mittere
1340 1636 1492 1690 potuit,
1534 1638 1673 1676 tamen
1718 1636 1817 1677 huic

300 1711 475 1765 tempori
504 1710 634 1751 Stichi
667 1711 879 1764 exemplar
910 1710 1134 1764 quominus
1164 1709 1398 1750 tribuamus
1435 1722 1532 1749 cum
1573 1708 1656 1750 alia
1685 1708 1817 1764 impe-

300 1783 421 1823 diunt
450 1786 537 1823 tum
570 1782 682 1836 quod
712 1783 839 1836 legati
870 1785 1051 1823 oratores
1083 1781 1226 1836 populi
1247 1784 1458 1822 vocantur.
1504 1779 1596 1829 Qua
1624 1793 1669 1822 re
1693 1781 1817 1823 Adel—

300 1856 402 1909 phos
445 1855 558 1909 prius
602 1856 796 1909 scriptam
840 1868 929 1897 esse
971 1858 1152 1897 statuere
1193 1854 1394 1908 cogimur.
1465 1853 1607 1907 Atque
1650 1854 1818 1908 quando

301 1927 525 1968 Ambracia
556 1927 632 1968 sub
655 1927 928 1969 Macedonum
952 1928 1159 1969 dicionem
1186 1927 1358 1979 venerit,
1388 1938 1597 1980 nusquam
1618 1926 1818 1968 traditum

302 2003 372 2042 est.
434 2000 482 2040 A.
516 2000 596 2040 317
642 2000 817 2041 liberam
861 2001 988 2042 fuisse
1033 2000 1194 2054 equites
1235 1999 1553 2039 Ambracienses
1598 2011 1682 2039 una
1722 2011 1819 2040 cum

304 2072 564 2126 Olympiadis
587 2072 716 2126 copiis
748 2076 888 2113 contra
910 2072 1188 2114 Cassandrum
1211 2074 1447 2126 pugnantes
1470 2070 1608 2123 (Diod.
1624 2070 1736 2112 XIX
1750 2072 1819 2125 35)

304 2145 521 2197 evincunt,
562 2157 670 2185 anno
702 2146 947 2199 insequente
990 2146 1058 2186 hic
1089 2144 1264 2199 Epirum
1305 2144 1472 2185 foedere
1511 2143 1592 2184 sibi
1624 2143 1822 2186 adiunxit

305 2220 345 2258 et
385 2216 604 2269 Lyciscum
647 2216 883 2271 ἐπιμελητὴν
926 2217 1009 2272 ἅμα
1058 2215 1121 2257 καὶ
1166 2215 1380 2270 στρατηγόν
1436 2228 1484 2257 eo
1526 2216 1641 2257 misit
1683 2214 1819 2268 (Diod.

304 2289 412 2330 XIX
445 2289 525 2340 36).
600 2289 787 2331 Fortasse
833 2291 965 2345 igitur
1013 2290 1096 2331 iam
1146 2292 1233 2330 tum
1278 2288 1504 2329 Ambracia
1548 2288 1822 2331 Macedoniae

306 2361 404 2402 urbs
446 2362 552 2402 facta
596 2366 678 2413 est,
725 2374 878 2415 magna
921 2374 1019 2402 vero
1063 2374 1158 2402 cum
1199 2360 1489 2415 probabilitate
1532 2360 1576 2400 id
1616 2359 1822 2402 affirmare

307 2444 525 2484 possumus
558 2432 608 2473 de
640 2446 673 2472 a.
698 2431 791 2471 312.
837 2431 942 2472 Nam
976 2431 1049 2472 ubi
1081 2432 1262 2487 primum
1280 2431 1443 2472 Alcetas
1475 2444 1654 2486 regnum
1676 2431 1823 2487 Epiro-

305 2505 438 2541 tarum
481 2501 680 2556 obtinuit,
724 2502 920 2555 Lyciscus
962 2504 1224 2546 Acarnaniae
1264 2504 1496 2558 praefectus
1537 2506 1682 2544 contra
1724 2516 1823 2545 eum

305 2586 419 2613 arma
448 2575 578 2614 movit
607 2578 648 2615 et
678 2576 821 2616 castris
859 2576 968 2629 apud
1000 2576 1237 2631 Cassopiam
1268 2576 1408 2630 factis,
1451 2588 1546 2616 cum
1579 2575 1825 2617 Alexander

306 2648 345 2686 et
374 2645 556 2686 Teucrus
587 2646 664 2686 filii
697 2647 811 2688 illius
842 2650 980 2703 copias
1011 2652 1220 2704 cogerent,
1250 2649 1388 2703 ipsum
1420 2647 1660 2702 profligavit
1686 2645 1822 2700 (Diod.

306 2713 411 2754 XIX
446 2714 529 2766 88).
579 2714 784 2764 Quoniam
816 2718 948 2770 igitur
981 2719 1087 2760 ultra
1109 2718 1376 2759 Ambraciam
1408 2721 1678 2772 processerat,
1708 2720 1824 2759 ante-

308 2799 430 2840 quam
464 2800 559 2827 cum
590 2788 778 2829 hostibus
810 2802 957 2832 manus
989 2791 1211 2843 conseruit,
1245 2791 1349 2831 mihi
1383 2790 1554 2844 quidem
1586 2790 1659 2831 vix
1690 2789 1824 2831 credi-

307 2858 390 2899 bile
422 2859 586 2900 vidctur
629 2872 725 2901 eum
757 2861 863 2902 hanc
896 2863 1041 2905 urbem
1073 2863 1178 2905 bene
1209 2863 1441 2915 munitam,
1482 2862 1518 2903 si
1549 2875 1646 2903 cum
1677 2861 1825 2904 Alceta

308 2930 484 2985 fecisset,
524 2931 567 2972 in
599 2932 749 2975 itinere
780 2935 1099 2989 praeteriturum
1130 2933 1284 2989 fuisse,
1328 2933 1697 2990 praesertimcum
1725 2933 1826 2978 inde
