2023 3299
1039 191 1092 232 62

311 311 387 351 talc·
420 311 501 350 iam
534 309 608 351 BD
642 308 758 360 talia,
802 308 819 347 Ῑ
851 309 991 360 aperta
1021 307 1260 347 coniectura
1290 304 1366 345 lali
1396 303 1559 344 habent.
1620 301 1682 343 De
1715 306 1824 344 utra-

313 396 392 437 que
422 383 597 422 lectione
631 394 740 420 nuuc
771 383 849 420 stat
879 378 1095 419 iudicium.
1151 378 1277 419 Recte
1298 376 1582 429 Kicsslingius
1613 375 1828 416 contendit

311 455 376 495 cui
419 456 468 506 (v.
503 454 598 504 396)
646 452 803 506 probari
849 464 928 491 nou
972 464 1111 505 posse,
1155 452 1254 505 quia
1292 463 1372 490 uon
1418 449 1567 490 habeat
1605 462 1687 503 quo
1731 451 1824 502 apte

313 528 520 567 referatur.
584 525 674 578 Ipse
715 537 807 564 cum
852 522 948 574 qnia
990 523 1155 576 scripsit
1198 534 1330 576 eoque
1376 522 1490 562 uisus
1523 524 1652 561 totum
1685 520 1823 561 locum

312 599 361 639 ad
395 598 534 653 Gallos
565 611 598 637 a.
632 598 713 636 279
747 595 853 650 apud
886 594 1068 647 Delphos
1101 595 1232 635 victos
1271 598 1456 649 spectare
1488 594 1722 647 suspicatus
1752 596 1826 646 est,

313 663 604 719 coniecturam,
645 668 680 708 si
715 680 855 708 verum
890 667 1089 719 dicimus,
1130 667 1369 707 coniectura
1399 679 1531 720 eaque
1560 678 1826 719 nequaquam

312 747 421 783 certa
452 741 651 782 fundavit.
711 740 791 781 Sed
838 744 880 779 ut
912 739 1130 780 lectionem
1171 740 1262 780 eius
1293 739 1594 793 aliquantisper
1624 750 1826 792 agnosca-

315 827 420 864 mus-¹,
451 818 586 853 tamen
622 813 672 852 de
704 812 1022 865 significatione,
1067 825 1192 865 quam
1224 811 1463 852 enucleasse
1494 810 1575 851 sibi
1608 811 1723 851 visus
1753 813 1827 861 est,

312 886 409 925 licet
449 884 647 925 dubitare.
707 883 812 923 Nolo
858 883 1052 934 equidem
1098 895 1273 937 urgere,
1325 883 1435 934 quod
1477 882 1642 923 barbari
1682 882 1825 922 fanum

313 956 561 1011 Delphicum
607 969 649 997 re
695 969 791 997 vera
833 955 1184 1009 sp‹)liaverunt*)‚
1227 959 1267 996 at
1310 956 1427 995 locus
1466 954 1689 995 Plautinus
1736 955 1826 1008 ipse

313 1030 432 1070 alitor
479 1032 738 1083 comparatus
791 1028 963 1067 videtur.
1041 1027 1258 1068 Euclionis
1304 1031 1525 1081 argentum
1584 1031 1669 1079 est,
1716 1026 1827 1081 quod

312 1101 460 1154 Apollo
504 1106 547 1141 ut
578 1101 772 1141 defendat
802 1103 966 1147 oratur,
1009 1100 1118 1141 sicut
1160 1100 1335 1141 aliorum
1385 1112 1552 1154 quoque
1598 1111 1695 1154 opes
1727 1098 1828 1140 olim

310 1174 438 1213 tuitus
469 1174 530 1213 sit.
591 1173 679 1213 Iam
711 1173 782 1224 qui
814 1172 875 1212 illi
906 1171 978 1212 alii
1009 1172 1137 1213 sunt?
1197 1172 1378 1213 Graeci?
1426 1173 1482 1212 At
1512 1172 1695 1230 thesauri
1728 1170 1826 1233 Del-

313 1245 421 1299 phiei
454 1258 537 1285 nou
570 1244 834 1297 Graecorum,
875 1257 1018 1285 verum
1054 1244 1261 1305 apollinis
1293 1248 1431 1297 erant,
1471 1258 1595 1285 suum
1625 1244 1825 1298 templum

313 1316 362 1356 ab
394 1317 580 1357 hostibus
612 1317 857 1357 defensurus
887 1316 968 1356 fuit
1000 1328 1075 1357 nec
1106 1304 1199 1357 aliis
1232 1316 1446 1369 subvenit,
1491 1329 1634 1357 verum
1676 1317 1764 1371 ipse
1805 1329 1829 1357 a

313 1388 481 1429 Graecis
515 1389 681 1429 adiutus
714 1392 774 1429 est
807 1388 940 1440 (Paus.
974 1388 1015 1429 X
1049 1390 1211 1442 22,12:
1254 1387 1319 1428 ml
1352 1389 1370 1427 ο
1407 1386 1496 1434 θεὸς
1530 1390 1631 1442 σφᾶς
1663 1387 1733 1428 οὐκ
1766 1384 1828 1429 εἴα

313 1461 537 1515 φοβεῖσθαι,
572 1460 753 1515 φυλάξειν
792 1459 832 1500 δὲ
856 1458 969 1506 αὐτὸς
1003 1460 1267 1514 ἐπηῃέλλετο
1299 1463 1346 1501 τὰ.
1377 1461 1533 1501 ἑαυτοῦ.
1582 1459 1631 1502 Οἱ
1665 1459 1707 1501 δὲ
1738 1461 1831 1516 ἀφι-

312 1533 466 1586 κόμενοι
499 1536 679 1588 τιμωρεῖν
712 1537 766 1588 τῷ
805 1533 880 1588 θεῷ
915 1533 1018 1585 κτὲ.).
1061 1534 1158 1575 Noli
1189 1535 1302 1575 euim
1335 1547 1541 1589 opponere
1573 1534 1826 1576 Pausaniam

314 1606 630 1660 descriptionem
664 1620 780 1647 suam
815 1607 1009 1660 petivisse
1041 1619 1093 1647 ex
1125 1607 1337 1648 Herodoto
1362 1607 1481 1657 (VIII
1498 1607 1572 1648 36:
1606 1608 1625 1647 ὁ
1660 1605 1702 1647 δὲ
1736 1606 1826 1653 θεός

321 1693 442 1732 σφεας
477 1678 545 1718 οὐκ
577 1677 621 1717 ἔα
654 1681 790 1721 κινεῖν,
830 1676 904 1732 φὰς
937 1677 1051 1724 αὐτὸς
1084 1677 1211 1724 ἱκανὸς
1244 1677 1340 1719 εἶναι
1374 1684 1449 1719 τῶν
1493 1680 1643 1720 ἑωυτοῦ
1675 1695 1826 1734 προκα-

313 1750 500 1801 τῆσῖ)αι);
547 1762 643 1802 opes
687 1750 727 1788 in
773 1750 923 1803 templo
955 1749 1157 1804 Delphico
1200 1750 1420 1791 collocatas
1465 1750 1697 1802 Apollinis,
1741 1763 1824 1791 non

314 1820 565 1861 Graecorum
613 1834 702 1862 esse
743 1823 975 1863 communis
1020 1822 1214 1863 omnibus
1255 1823 1461 1863 sententia
1503 1823 1582 1863 fuit
1622 1822 1686 1874 (cf.
1729 1835 1762 1864 e.
1795 1835 1828 1864 c.

310 1893 433 1934 Tliuc.
457 1893 515 1933 IV
543 1894 648 1934 118:
683 1891 766 1947 περὶ
798 1892 839 1933 δὲ
872 1898 946 1933 τῶν
978 1893 1195 1949 χρημάτων
1228 1897 1295 1934 τοῦ
1332 1896 1438 1945 θεοῦ,
1470 1895 1594 1936 Isocr.
1626 1911 1664 1935 π.
1699 1895 1824 1938 ἀντιδ.

280 1959 396 2006 ΙΔ232
449 1968 524 2004 τῶν
577 1968 642 2004 τοῦ
699 1968 790 2005 θεοῦ
826 1966 1065 2020 χρημάτων,
1106 1967 1380 2026 ΒεέῃῙ-ῼΡΙῚῙΙΠΞ
1431 1967 1539 2021 apud
1585 1968 1732 2024 Α-ῖὶὶεξῐὶἼ
1768 1967 1824 2009 VI

315 2040 396 2078 232
412 2039 460 2078 d:
495 2038 647 2078 ἅπαντα
679 2036 726 2078 τὸ.
756 2041 822 2078 τοῦ
857 2042 949 2078 θεοῦ
983 2029 1223 2092 εξεκόμιὲαν,
1256 2039 1376 2081 Diod.
1399 2039 1507 2080 XVI
1530 2039 1661 2093 60,2:
1697 2027 1833 2095 <sa-{paui

313 2109 398 2148 κατ’
420 2108 594 2149 ἐνιαυτὸν
626 2114 681 2164 τῷ
716 2111 796 2164 θεῷ
831 2111 963 2165 φόρον,
997 2111 1103 2152 XVI
1127 2113 1194 2163 28,
1215 2113 1262 2152 3:
1297 2112 1489 2156 ἀξιοῦντες
1521 2109 1608 2157 τοὺς
1628 2109 1829 2158 Βοιωτοὺς

318 2182 477 2236 βοηθεῖν
510 2181 641 2227 αὐτοῖς
673 2198 714 2221 τε
735 2181 799 2222 καὶ
831 2189 884 2238 τῷ
910 2184 1004 2238 θεῷ,
1040 2185 1172 2237 28,4:
1209 2184 1242 2223 οἱ
1278 2181 1345 2237 μὲν
1377 2181 1451 2238 γὰρ
1483 2182 1635 2238 ἔκριναν
1669 2183 1831 2240 βοηθεῖν

314 2259 368 2307 τῷ
401 2255 507 2308 θεῷ).
568 2254 730 2296 Deinde
762 2256 1010 2310 Kiesslingii
1042 2257 1280 2298 coniectura
1323 2256 1419 2308 quia
1458 2257 1504 2297 in
1542 2270 1586 2298 re
1626 2256 1705 2298 tali
1746 2270 1829 2301 non

315 2326 414 2366 satis
444 2327 541 2367 facit
571 2329 695 2368 totius
728 2329 805 2369 loci
826 2330 1067 2382 sententiae,
1099 2329 1307 2383 siquidem
1330 2329 1563 2383 scrupulus,
1592 2342 1718 2383 quem
1748 2333 1830 2372 tra-

317 2397 401 2438 dita
422 2398 542 2438 lectio
567 2400 631 2438 cui
656 2400 744 2440 iure
768 2413 814 2440 ac
838 2402 982 2441 merito
1008 2401 1046 2441 ei
1069 2401 1280 2453 iniecerat,
1313 2414 1393 2441 non
1418 2401 1603 2442 diluitur.
1652 2400 1830 2443 Cuinam

316 2470 424 2509 enim
458 2470 539 2510 iam
571 2471 744 2512 antehac
780 2473 922 2525 Apollo
955 2473 1183 2514 subvenit?
1245 2471 1289 2513 Si
1320 2473 1418 2527 Quia
1451 2473 1684 2526 scribimus,
1724 2474 1830 2515 illud

316 2543 573 2583 enuntiatum
607 2544 751 2584 referri
783 2547 927 2598 nequit
958 2546 1036 2586 nisi
1079 2545 1130 2586 ad
1163 2545 1410 2586 Euclionem
1441 2546 1602 2599 ipsum,
1638 2547 1703 2586 sin
1735 2547 1831 2588 aliis

315 2614 554 2655 homiuibus
596 2616 697 2656 deus
738 2619 961 2671 succurrit,
1005 2619 1284 2673 postulamus,
1329 2621 1374 2658 ut
1417 2618 1456 2658 ei
1501 2617 1640 2658 dativo
1685 2618 1828 2673 aliquo

315 2686 562 2727 iudicentur.
624 2687 878 2743 Quapropter
908 2692 1043 2733 facere
1075 2705 1156 2732 non
1189 2704 1370 2744 possum,
1402 2691 1505 2742 quin
1524 2690 1716 2745 Ussingii
1746 2691 1830 2732 lec-

318 2759 469 2799 tionem
502 2759 539 2798 si
570 2761 663 2810 quoe·
694 2762 906 2815 accipiam.
967 2764 1059 2805 Hoc
1090 2764 1126 2805 si
1157 2766 1266 2804 recte
1296 2763 1424 2815 facio,
1469 2763 1676 2804 sententia
1699 2775 1829 2817 gene-

437 2902 468 2946 ἴ)
497 2903 718 2938 'l'estimonia
746 2905 889 2950 collegit
916 2907 951 2941 C.
980 2907 1228 2950 Wachsmuth,
1255 2906 1348 2941 Hist.
1374 2906 1551 2941 Zeitschr.
1577 2905 1621 2940 X.
1648 2916 1683 2950 p.
1710 2906 1742 2940 5.
