2023 3299
1040 199 1093 240 30

956 363 1051 376 ,αξ-ι

313 400 405 440 dica
444 395 791 437 commemoratur
824 390 920 441 (sed.
964 389 1013 429 cf.
1047 401 1171 442 supra
1203 388 1253 428 ad
1286 385 1608 441 Curculionem),
1639 400 1717 429 nec
1748 400 1831 429 non

314 475 396 512 tuta
416 469 575 518 fabula·⁷
610 470 651 507 at
672 465 890 505 Seleucum
915 474 1008 501 eum
1031 459 1244 501 Sardianis
1264 472 1474 515 pugnasse
1499 472 1634 514 neque
1655 474 1828 515 usquam

315 542 510 583 traditum
559 543 619 580 est
659 549 733 577 nec
783 538 962 576 statuere
1004 532 1100 573 licet
1137 535 1231 573 ante
1275 532 1430 574 bellum
1472 537 1615 574 contra
1645 533 1833 586 Lysima-

314 614 436 653 chum
479 626 512 652 a.
545 611 626 651 283
661 609 882 662 inceptum.
944 605 1131 645 Fortasse
1163 604 1373 658 quondam
1413 605 1454 644 in
1489 605 1614 646 huius
1645 607 1832 648 exercitu

313 686 514 726 militatus
546 681 847 736 expugnationi
890 677 1002 718 urbis
1031 690 1064 718 a.
1098 678 1180 718 302
1212 677 1419 730 interfuit,
1459 681 1499 718 et
1541 681 1629 719 tum
1662 679 1831 732 quidem

262 742 280 754 Η
315 755 758 811 Scistleolulroniam(v.
773 754 965 804 43)-—ut
981 753 1090 791 recte
1108 749 1834 803 emendavitGeppeitus—intelle-

313 829 464 883 gimus,
482 839 562 880 quo
582 825 748 865 nomine
771 835 942 876 nempe
936 820 1107 886 Sgyjhi
1097 833 1138 860 ln
1143 820 1318 876 Europa
1341 820 1569 861 incolentes
1591 821 1832 876 significan-

314 904 392 953 tu1,
415 913 509 939 111111
527 899 576 939 de
590 895 928 949 expeditionibus
940 872 1401 970 contiaAsiaechtli)
1416 892 1833 936 factisnihilscimus.

315 933 395 1013 Sed
418 971 585 1012 omnino
617 971 808 1024 ignotum
841 971 911 1019 est,
944 969 1080 1007 utinm
1106 937 1401 1021 Sc3thorsum
1383 967 1637 1008 mentionem
1661 967 1835 1010 Plautus

314 1047 356 1087 in
377 1044 631 1098 exemplaii
622 1056 693 1083 1113
697 1041 830 1084 encnt
851 1054 901 1081 an
921 1040 970 1080 de
992 1052 1067 1080 suo
1085 1023 1304 1092 addiderit,
1336 1052 1478 1081 vocem
1498 1035 1833 1093 Scytholatronia

314 1122 423 1160 certe
466 1118 554 1171 ipse
594 1116 727 1156 finxit.
788 1114 876 1155 Nec
918 1113 1057 1153 minus
1095 1112 1255 1153 incerta
1294 1125 1360 1154 res
1401 1116 1464 1153 est
1505 1113 1556 1154 de
1595 1117 1762 1156 centum
1794 1118 1837 1157 et

316 1190 622 1245 quinquaginta
652 1188 881 1253 hppiinum,
913 1198 1016 1239 quos
1047 1186 1090 1225 in
1116 1184 1274 1238 Cilicia,
1305 1188 1345 1226 et
1376 1186 1631 1240 quingentis,
1663 1199 1767 1240 quos
1787 1186 1831 1227 in

316 1260 574 1316 Cappadocia
606 1260 725 1300 miles
757 1257 956 1299 occidisse
989 1260 1191 1310 narratur,
1221 1256 1292 1297 ubi
1316 1256 1482 1311 saepius
1505 1261 1737 1312 pugnatum
1762 1262 1834 1313 est,

315 1333 366 1374 de
410 1330 710 1372 Macedonibus
757 1341 853 1369 vero
902 1330 949 1378 (v,
982 1327 1051 1379 44)
1097 1339 1150 1367 ne
1197 1326 1240 1366 id
1291 1327 1460 1380 quidem
1512 1331 1624 1368 certa
1674 1329 1834 1370 ratione

315 1402 546 1443 diiudicare
578 1413 813 1455 possumus,
852 1402 990 1439 utrum
1021 1398 1135 1452 regis
1166 1396 1436 1457 Macedoniae
1468 1398 1612 1451 copiae
1643 1397 1837 1440 dicantur

315 1485 365 1513 an
399 1484 471 1513 eae
511 1470 719 1511 exercitus
759 1473 914 1524 partes,
951 1481 1053 1522 quas
1094 1480 1147 1508 ex
1179 1467 1436 1529 Macedoniis
1476 1467 1684 1509 militibus
1724 1481 1835 1510 com-

312 325 440 367 fuisse
467 326 510 364 ut
532 321 748 378 credamus
780 331 813 358 v.
833 318 886 358 25
909 315 1200 356 commendare
1223 314 1399 368 videtur,
1434 313 1506 355 ubi
1528 311 1740 368 expeditio
1762 314 1831 355 In·-

317 1545 468 1599 positas
512 1555 654 1584 omnes
695 1555 816 1595 reges
859 1541 1075 1582 habebant.
1136 1539 1246 1580 Illud
1279 1543 1325 1580 ut
1355 1542 1605 1593 statuamus,
1646 1541 1691 1581 id
1723 1542 1835 1596 quod
1894 1575 1899 1579 .

315 1619 399 1657 tota
430 1616 509 1656 loci
540 1616 643 1656 ratio
676 1615 850 1656 suadere
884 1614 1058 1666 videtur,
1090 1625 1303 1666 nunquam
1338 1612 1532 1653 audimus
1560 1611 1835 1668 Demetrium,

317 1702 369 1730 ex
403 1701 484 1742 quo
518 1700 692 1742 regnum
726 1687 994 1728 Macedoniae
1025 1686 1199 1740 adeptus
1231 1689 1312 1737 est,
1352 1698 1485 1739 usque
1516 1686 1568 1726 ad
1599 1699 1634 1726 a.
1668 1687 1750 1728 287
1784 1688 1835 1729 ab

316 1760 400 1801 ullo
428 1764 659 1801 ceterorum
683 1773 830 1813 regum
858 1759 1012 1813 proelio
1034 1758 1192 1799 victum
1213 1770 1314 1809 esse,
1346 1770 1424 1798 nec
1443 1758 1565 1799 facile
1585 1760 1837 1813 cogitaveris

317 1831 367 1871 de
400 1829 643 1871 Cassandro.
707 1829 955 1871 Omittamus
985 1829 1118 1883 igitur
1148 1828 1329 1869 laborem
1351 1832 1391 1868 et
1411 1829 1626 1882 ingratum
1648 1832 1689 1870 et
1709 1830 1837 1871 inuti-

316 1899 398 1941 lem
430 1912 482 1940 ex
526 1899 590 1940 his
623 1899 761 1940 verbis
791 1903 922 1940 certas
954 1912 1019 1940 res
1050 1902 1188 1953 gestas
1220 1898 1478 1939 enuc]eandi.
1539 1897 1711 1953 Reliqui
1740 1904 1839 1942 sunt

296 1983 374 2013 ‘vs
408 1972 460 2012 13
493 1985 600 2026 sqq,
654 1971 725 2012 ubi
776 1971 914 2012 verbis
953 1970 1143 2022 Neptuni
1196 1982 1320 2021 nepos
1368 1970 1611 2025 Antigonus
1655 1970 1838 2014 Gonatas

318 2044 497 2086 describi
528 2045 739 2085 nonnullis
771 2044 884 2084 visus
915 2048 986 2084 est.
1046 2043 1091 2084 Si
1122 2044 1198 2084 hoc
1232 2043 1523 2097 concedimus,
1566 2045 1837 2100 postulamus,

319 2120 364 2157 ut
394 2117 634 2170 Antigonus
665 2116 888 2170 aliquando
917 2117 1139 2170 imperator
1169 2129 1358 2156 summus
1390 2119 1485 2156 ante
1510 2129 1544 2157 a.
1567 2117 1649 2157 287
1671 2130 1837 2172 pugnas

318 2189 590 2239 commiserit,
625 2201 769 2229 verum
802 2189 912 2229 enim
946 2201 1041 2229 vero
1072 2188 1155 2229 nisi
1186 2202 1219 2229 a.
1253 2189 1335 2229 ‘290
1368 2189 1573 2230 exercitui
1605 2201 1687 2230 non
1718 2203 1837 2244 prae-

289 2261 416 2327 afuit,
471 2273 563 2301 cum
608 2260 824 2301 Thebanos
870 2260 1127 2310 devinceret3
1184 2272 1282 2300 num
1333 2263 1470 2301 autem
1517 2264 1699 2302 statuere
1740 2262 1839 2304 licet

226 2348 237 2355 ⁶
294 2320 697 2387 ''Pyrgopolynicem
729 2345 911 2386 unquam
945 2332 1221 2373 Macedonum
1263 2332 1356 2386 regi
1384 2332 1513 2373 fuisse
1544 2334 1836 2376 auctoratum?

319 2404 403 2444 Vix
449 2404 599 2445 deinde
646 2417 748 2458 opus
793 2408 874 2457 est,
931 2408 976 2446 ut
1018 2417 1210 2445 moneam
1256 2404 1301 2444 in
1347 2404 1458 2446 hunc
1502 2417 1640 2459 neque
1683 2419 1836 2448 nomen

319 2474 632 2531 Βομβομαχίὸης
667 2477 813 2518 cadere
842 2490 977 2531 neque
997 2474 1567 2532 Κλυτομηστωροῦυσαρχίῦης
1599 2478 1724 2532 (quod
1744 2492 1838 2533 pro—

318 2548 512 2589 babiliter
541 2549 724 2590 restituit
756 2549 1031 2602 Ritschelius).
1092 2550 1225 2591 Immo
1270 2550 1305 2591 si
1337 2550 1439 2591 haec
1469 2550 1595 2592 verba
1627 2564 1680 2592 ex
1712 2553 1839 2594 attica

317 2620 458 2662 fabula
490 2625 656 2673 sumpta
690 2625 796 2674 sunt,
834 2623 968 2676 quode
1001 2622 1120 2664 valde
1153 2622 1322 2675 dubito,
1363 2623 1508 2677 eisque
1540 2626 1677 2666 certus
1707 2625 1840 2679 impe-

319 2696 430 2734 rator
458 2693 638 2746 ridetur,
682 2698 824 2734 notum
869 2708 963 2736 eum
1008 2695 1116 2749 apud
1150 2694 1330 2735 Graecos
1374 2698 1415 2735 et
1444 2695 1652 2749 singulaii
1684 2695 1838 2738 virtute

321 2765 468 2806 bellica
500 2766 656 2806 clarum
689 2767 878 2820 cogimur
909 2769 1161 2821 existimare,
1192 2768 1236 2807 in
1263 2779 1363 2808 voce
1386 2780 1483 2809 vero
1506 2765 1569 2808 Ne
1550 2767 1693 2819 &ptumi
1713 2781 1840 2821 nepos

320 2837 426 2877 nihil
458 2837 651 2878 subtilius
684 2840 967 2892 quaerendum
1000 2844 1070 2882 est.
1132 2840 1342 2894 Antigono
1372 2839 1454 2894 ipsi
1475 2839 1620 2882 dubito
1653 2853 1707 2882 an
1731 2853 1839 2882 nun-

326 2923 450 2966 quam
481 2909 558 2951 hoc
598 2923 754 2961 nomen,
793 2911 933 2963 datum
981 2913 1058 2968 sit,
1102 2913 1348 2968 interpretes
1391 2912 1490 2955 inde
1536 2912 1841 2969 concluserunt,
