2023 3299
1057 196 1112 238 38

337 319 418 368 est,
459 319 503 355 ut
534 327 582 355 ea
614 313 732 354 nisus
762 311 862 353 certi
894 311 1119 366 quicquam
1151 313 1328 355 audeam
1360 311 1587 366 affirmare,
1632 315 1858 367 antequam

335 387 468 441 qualis
498 386 568 427 illo
598 386 724 427 fuerit
754 384 909 425 Clinias
941 384 1201 439 exploratum
1233 387 1298 427 sit.

446 458 644 500 Dicemus
689 458 821 511 igitur
851 456 1219 512 Disexapatontem
1252 458 1471 500 Menandri
1513 459 1722 500 conditam
1754 471 1857 513 esse,

334 545 429 586 cum
461 544 573 572 mare
602 532 819 584 Aegaeum
851 529 1054 582 classibus
1084 531 1245 572 infestis
1277 544 1358 572 non
1392 531 1622 585 tenebatur,
1656 532 1855 587 Athenae,

334 603 493 655 Samus,
523 602 711 656 Ephesus
733 614 835 654 pace
859 601 1091 655 utebantur,
1114 604 1312 644 transitus
1335 603 1385 644 ab
1403 603 1544 644 Attica
1564 603 1608 644 in
1627 603 1856 646 Phocidem

334 688 414 715 non
440 674 793 729 praecludebatur.
837 673 979 714 Potuit
999 673 1130 728 igitur
1149 675 1289 717 doceri
1310 675 1423 734 inde
1441 675 1492 717 ab
1515 690 1548 717 a.
1569 676 1651 717 316
1674 700 1730 705 —-
1753 689 1850 717 nam

332 747 602 801 respiciamus
633 750 792 800 oportet
823 745 1126 788 Mnesilochum
1159 747 1377 789 biennium
1423 760 1597 803 peregre
1642 751 1853 790 versatum

304 832 421 860 ¹esso
454 843 505 847 —
539 831 670 872 usque
702 818 753 859 ad
785 832 818 859 a.
851 819 982 870 ἕῧϋῖᾋ7
1001 821 1125 877 atque
1155 820 1286 861 fateor
1326 820 1369 861 id
1402 821 1506 861 mihi
1538 821 1727 862 omnium
1759 834 1853 876 pro-

331 891 635 932 babilissimum
680 875 812 932 videri
843 893 1007 944 propter
1038 889 1241 933 Demetrii
1272 893 1554 946 mentionem,
1602 905 1728 946 quam
1768 905 1852 934 non

331 976 448 1018 posse
480 964 531 1004 ad
548 963 822 1004 Poliorcetam
846 963 1053 1017 pertinere
1075 977 1198 1006 nemo
1219 964 1481 1019 infitiabitur,
1512 965 1691 1020 cogitari
1711 968 1851 1007 tamen

327 1039 461 1090 potest
490 1035 613 1077 etiam
645 1036 695 1077 de
726 1036 845 1077 annis
878 1036 972 1093 293,
1003 1036 1099 1090 297,
1131 1037 1226 1078 292.

329 1108 456 1151 Plura
486 1109 719 1164 perspicere
751 1109 850 1151 sinit

327 1225 678 1295 Epidicus.

441 1332 751 1385 Argumentum
782 1331 825 1371 in
858 1343 904 1372 eo
937 1334 1146 1384 versatur,
1188 1335 1234 1373 ut
1264 1330 1559 1387 Stratippocles
1589 1333 1848 1387 adulescens,

328 1403 401 1457 qui
431 1403 553 1458 paulo
593 1407 688 1445 ante
731 1416 824 1444 cum
867 1404 960 1444 aliis
991 1405 1320 1459 Atheniensibus
1349 1404 1511 1446 Thebas
1555 1405 1606 1446 ad
1638 1405 1846 1458 legionem

325 1476 530 1530 profectus
562 1479 661 1529 erat,
693 1475 794 1517 urbe
824 1480 1063 1531 expugnata
1093 1490 1286 1519 reversus
1318 1478 1527 1532 virginem
1557 1467 1764 1532 captivam
1795 1477 1848 1520 de

325 1548 477 1603 praeda
508 1552 721 1602 empturus
752 1549 825 1600 sit,
870 1549 979 1602 quod
1012 1553 1058 1590 ut
1087 1549 1311 1603 efficiatur,
1354 1549 1557 1604 Epidicus
1588 1562 1735 1591 servus
1774 1562 1850 1604 per

323 1620 529 1661 fallaciam
560 1634 584 1661 a
613 1633 713 1662 sene
745 1625 962 1675 argentum
995 1622 1138 1663 aufert.
1200 1622 1425 1671 Quaeritur
1454 1623 1599 1677 igitur,
1640 1634 1848 1677 quaenam

322 1692 556 1733 Thebarum
587 1694 842 1748 expugnatio
875 1694 1046 1735 dicatur.
1108 1696 1249 1749 Atque
1287 1695 1337 1736 de
1381 1709 1414 1736 a.
1449 1696 1534 1736 334
1565 1695 1742 1750 cogitari
1773 1708 1847 1737 ne-

324 1765 427 1818 quit,
459 1764 658 1819 quoniam
690 1770 850 1806 tantum
882 1766 1034 1820 aberat,
1077 1771 1122 1808 ut
1153 1769 1431 1809 Athenienses
1463 1768 1720 1810 obsidendae
1752 1768 1847 1810 urbi

322 1837 590 1890 interessent,
635 1841 681 1878 ut
722 1843 863 1879 contra
908 1840 946 1880 ei
992 1841 1232 1881 succursui-i
1271 1840 1450 1893 fuerint,
1491 1840 1574 1881 nisi
1606 1840 1847 1882 Alexander

276 1908 281 1920 ''
320 1910 612 1963 praevenisset.
672 1909 761 1951 Nec
793 1913 927 1965 magis
957 1912 1099 1953 fabula
1129 1912 1181 1970 ad
1213 1926 1247 1953 a.
1281 1913 1362 1953 312
1395 1913 1587 1967 pertinet,
1633 1926 1715 1968 quo
1746 1913 1845 1955 Pto-

321 1981 505 2022 lemaeus
536 1981 743 2035 Antigoni
782 1982 868 2023 dux
907 1970 1160 2037 praesidium
1205 1973 1525 2025 macedonicum
1568 1997 1621 2026 ex
1663 1984 1846 2027 Cadmea

322 2065 415 2094 arce
462 2053 636 2107 expulit.
696 2053 803 2095 Nam
844 2068 1096 2110 quamquam
1140 2056 1229 2097 veri
1272 2069 1354 2098 non
1399 2057 1604 2098 dissimile
1649 2061 1712 2098 est
1739 2057 1845 2099 The—

321 2124 450 2177 banps
481 2128 569 2165 tum
600 2138 624 2165 a
654 2124 875 2167 Cassandri
906 2127 1092 2181 partibus
1123 2129 1287 2169 stetisse
1302 2128 1350 2182 >¹<),
1389 2129 1671 2170 Athenienses
1701 2133 1842 2171 autem

320 2197 528 2238 societatis
572 2198 787 2239 faciendae
831 2200 967 2253 gratia
1012 2200 1171 2255 legatos
1222 2201 1275 2241 acl
1324 2201 1588 2256 Antigonum
1631 2202 1843 2256 miserant,

320 2272 457 2310 tamen
491 2282 626 2324 neque
658 2283 727 2312 eos
757 2271 995 2316 Ptolemaeo
1027 2274 1189 2315 auxilia
1215 2273 1382 2316 misisse
1414 2274 1528 2315 credi
1558 2274 1767 2330 potest**)
1800 2278 1842 2317 et

435 2499 468 2545 ²¹²)
495 2499 537 2535 Id
567 2505 608 2536 ut
634 2505 791 2537 statuam
819 2508 1040 2540 commovent
1075 2514 1130 2539 me
1165 2508 1364 2550 perpetuae
1391 2504 1595 2541 simultates
1629 2505 1726 2541 inter
1751 2506 1844 2541 The-

315 2558 427 2596 banos
454 2566 490 2597 et
515 2568 654 2598 ceteras
673 2565 845 2600 Boeotiae
872 2567 1035 2602 civitates
1062 2567 1108 2601 ab
1134 2577 1283 2602 avorum
1310 2567 1484 2602 memoria
1508 2568 1689 2612 repetitae
1715 2571 1752 2603 et
1776 2578 1843 2613 per

316 2627 433 2658 totum
467 2624 535 2658 hoc
560 2629 702 2670 tempus
729 2632 974 2672 propagatae,
1015 2639 1104 2672 quas
1137 2631 1214 2662 tum
1247 2628 1404 2662 nondum
1443 2629 1584 2673 positas
1619 2639 1698 2664 esse
1731 2628 1842 2664 facile

314 2685 380 2719 tihi
406 2686 662 2731 persuadebis,
701 2688 763 2722 ubi
790 2690 1074 2725 consideraveris
1103 2690 1347 2725 Cassandrum
1379 2691 1489 2735 paulo
1524 2694 1609 2726 ante
1645 2701 1725 2726 cum
1750 2691 1843 2726 The-

314 2743 415 2778 banis
442 2744 590 2789 foedus,
629 2758 708 2781 cum
741 2749 869 2783 ceteris
906 2750 1055 2785 Boeotis
1087 2749 1247 2785 indutias
1281 2749 1413 2784 fecisse
1446 2749 1565 2795 (Diod.
1593 2750 1680 2785 XIX
1706 2751 1767 2796 77)
1805 2753 1842 2785 et

312 2812 439 2850 postea
479 2808 723 2843 Ptolemaeum
762 2810 921 2855 Oropum
958 2812 1106 2847 Boeotis
1143 2811 1356 2846 reddidisse.
1407 2811 1560 2846 Demum
1594 2822 1625 2847 a.
1653 2813 1723 2848 294
1748 2811 1841 2847 The-

310 2864 395 2899 bani
422 2876 499 2900 cum
526 2867 655 2902 ceteris
683 2868 829 2904 Boeotis
856 2870 1006 2907 faciunt.

431 2926 485 2972 ss)
516 2928 723 2964 Tenendum
750 2931 842 2966 enim
869 2936 924 2968 est
949 2943 1022 2978 eos,
1050 2932 1112 2978 qui
1139 2944 1160 2968 a
1177 2933 1319 2978 legione
1340 2932 1479 2968 redisse
1497 2932 1668 2969 dicuntur
1693 2941 1744 2968 vs.
1760 2933 1841 2979 206,
