1988 3273
914 199 964 239 13

178 314 353 356 maritus
403 314 494 355 eius
536 327 630 354 cnm
683 314 734 355 ab
776 314 990 367 Antigono
1034 315 1246 367 deficeret,
1288 321 1501 369 acceperat
1541 330 1564 356 a
1600 316 1695 356 Cas-

177 385 329 429 sandro
344 385 391 435 *).

299 457 605 499 Wilamowitzii
639 459 689 499 dc
711 463 895 514 tempore
918 460 1111 501 l’svudoli
1143 461 1380 501 coniectura
1401 461 1571 514 egregio
1601 472 1698 499 con-

178 528 367 570 firmatur
410 529 651 570 felicissimo
694 530 733 571 F.
767 530 917 571 Leonis
964 533 1154 583 invento,
1200 532 1269 585 qui
1314 531 1353 571 in
1397 531 1576 572 Hermae
1619 530 1695 571 vol.

173 599 330 642 XVIII
361 613 396 655 p.
431 600 513 642 563
546 600 741 642 Pseudoli
775 602 899 643 verba
933 616 966 643 v.
1000 604 1106 644 412:

413 672 485 713 Ea:
514 672 586 713 hoe
615 673 805 725 sepulcro
835 678 965 714 vetere
1000 674 1146 727 riqinli
1180 675 1316 714 mimis

414 743 625 798 Effodiam
656 759 725 798 eqo
757 746 884 797 leodic,
919 761 1020 798 qenes
1051 747 1139 788 dem
1172 747 1267 787 erili
1295 747 1384 799 silio

175 821 364 873 spectare
404 818 456 859 ad
488 817 704 879 Menandri
738 819 995 860 Thesaurum
1039 819 1267 861 rectissime
1310 821 1435 861 evis-it
1477 834 1527 860 cx
1574 819 1697 859 liuius

178 889 344 932 fabulae
373 895 621 944 argumento
652 904 676 931 a
707 889 870 932 Donato
902 892 952 932 ad
983 892 1068 933 Ter.
1101 891 1207 932 Eun.
1239 892 1337 945 prol.
1373 905 1407 931 v.
1438 892 1487 931 10
1522 896 1695 931 narrato.

180 961 265 1004 Ubi
295 975 390 1004 cum
423 975 553 1004 senex
584 976 734 1004 avarus
765 977 930 1004 causam
966 965 1102 1006 dix-cre
1135 964 1309 1018 incipiat
1340 965 1403 1004 liis
1438 963 1595 1004 vorbis:

411 1034 702 1089 Athenienses,
734 1035 883 1076 bellum
914 1050 999 1075 eum
1036 1036 1340 1078 Rhodiensibus

414 1107 528 1159 Quod
556 1109 698 1158 fucrit,
733 1108 834 1160 qnid
865 1122 935 1161 eqo
967 1109 1030 1148 hie
1054 1108 1332 1161 praedicem?

180 1180 337 1222 bellum
368 1181 538 1235 aliquod
570 1181 612 1222 in
646 1182 785 1222 Attica
815 1188 993 1236 gestum,
1025 1186 1189 1236 propter
1219 1181 1328 1236 quod
1372 1181 1442 1222 ille
1473 1193 1621 1222 aurum
1654 1192 1697 1220 sc

179 1257 289 1295 terra
319 1253 554 1295 condidisse
585 1254 856 1306 simulaverit,
888 1254 1043 1295 dictum
1075 1266 1165 1296 esse
1198 1258 1358 1308 oportet
1389 1253 1696 1294 concludamus.

181 1325 309 1380 Atqui
340 1324 595 1388 ligenandrea
625 1330 769 1379 aetate,
800 1327 920 1367 cuius
952 1327 1001 1367 de
1033 1326 1205 1367 historia
1236 1326 1334 1366 satis
1374 1325 1509 1366 edocti
1541 1336 1696 1375 sumus,

181 1410 307 1439 unam
340 1398 532 1439 novimus
563 1398 887 1452 expeditionem,
920 1411 1040 1453 quam
1074 1397 1337 1439 Ptolemaeus
1370 1397 1568 1451 Antigoni
1609 1396 1694 1437 dux

179 1483 213 1511 a.
237 1470 319 1511 312
344 1483 425 1511 una
447 1483 542 1511 curn
560 1470 818 1512 Rhodiorum
842 1471 984 1511 decem
1008 1470 1183 1511 navibus
1210 1470 1261 1511 ad
1279 1470 1495 1511 Graeciam
1517 1469 1696 1510 liberan-

179 1543 275 1584 dam
320 1544 428 1584 fecit.
503 1543 571 1584 Ad
617 1543 724 1584 hanc
770 1544 901 1597 igitur
949 1547 1131 1597 spectare
1177 1542 1396 1602 Menandri
1441 1542 1694 1583 Tliesaurum

179 1638 234 1644 —
276 1628 372 1656 nam
414 1614 634 1656 Menandri
676 1614 931 1655 comoediam
976 1613 1170 1655 Luscium
1218 1613 1479 1655 Lanuvinum
1523 1613 1694 1654 barbare

178 1687 352 1729 vertisse
407 1688 516 1728 inter
555 1699 699 1728 omnes
743 1691 903 1728 constat
941 1711 993 1716 -—
1038 1685 1079 1728 C.
1119 1685 1316 1728 Dziatzko
1358 1687 1399 1726 in
1441 1678 1718 1738 Fleckeiscnil

177 1759 328 1801 annali.
363 1759 460 1815 phil.
493 1773 528 1800 a.
566 1760 672 1800 1880
704 1773 740 1813 p.
773 1760 852 1800 811
890 1772 948 1813 sq.
982 1759 1123 1813 procul
1164 1759 1291 1800 dubio
1324 1764 1432 1800 recte
1463 1758 1719 1812 suspicatus>

177 1835 242 1874 est
271 1836 395 1887 atque
427 1835 617 1873 accurate
648 1819 699 1872 re
713 1843 915 1886 perpensa
943 1833 1052 1872 intra
1073 1832 1317 1889 annqssfffflffo
1350 1835 1390 1871 et
1420 1831 1502 1871 308
1519 1830 1695 1871 Athenis

178 1904 340 1946 doctam
386 1917 477 1946 esse
521 1904 767 1946 enucleavit.
828 1903 973 1958 Itaque
1018 1887 1359 1945 cusPseudoli
1402 1907 1545 1943 auctor
1590 1902 1694 1942 hanc

176 1977 361 2018 fabulam
391 1977 598 2030 respicere
627 1989 710 2017 non
745 1977 936 2030 potuerit,
968 1975 1049 2016 nisi
1077 1976 1304 2016 novissime
1335 1979 1425 2016 acta
1455 1978 1542 2015 erat
1573 1979 1696 2028 atque

176 2051 453 2103 spectatorum
494 2047 817 2089 Atheniensium
872 2047 1071 2088 memoria
1123 2046 1361 2092 tenebatur,
1399 2047 1610 2100 sequitur,
1653 2048 1697 2086 ut

176 2119 373 2161 Pseudoli
407 2119 646 2174 exemplum
679 2118 757 2160 sub
789 2118 901 2160 idem
934 2122 1095 2172 tempus
1127 2118 1270 2159 datum
1301 2118 1364 2159 sit.

289 2191 391 2232 Tota
429 2191 531 2232 haec
572 2190 623 2232 de
666 2194 800 2232 aetate
840 2189 1004 2231 fabulae
1046 2189 1352 2244 argumentatio
1385 2189 1615 2242 labefieret,
1655 2189 1690 2230 si

175 2264 323 2306 merito
363 2262 532 2304 Niesius
571 2262 736 2314 (Gesch.
780 2261 816 2302 d.
849 2275 909 2315 gr.
956 2260 1042 2301 und
1082 2260 1242 2301 maked.
1275 2259 1441 2302 Staaten
1482 2261 1497 2300 1
1530 2274 1565 2314 p.
1598 2261 1694 2314 287,

177 2337 274 2387 291,
305 2337 402 2385 309)
444 2334 785 2390 Cratcsipolidem
829 2334 879 2375 ab
915 2333 1116 2386 Antigoni
1159 2333 1344 2388 partibus
1383 2333 1544 2374 stetisse
1587 2333 1695 2373 iudi-

175 2412 318 2452 casset.
378 2408 485 2450 Nam
517 2421 612 2449 cum
644 2407 914 2462 Polypercho‚
949 2406 1018 2459 qui
1054 2405 1176 2459 paulo
1208 2409 1303 2446 ante
1335 2418 1430 2446 oum
1472 2418 1519 2445 ea
1550 2404 1692 2458 Sicyo-

176 2492 274 2521 nem
304 2482 346 2520 et
375 2477 619 2520 Corinthum
653 2477 910 2529 obtinuerat,
953 2489 988 2516 a.
1022 2475 1104 2515 310
1151 2475 1304 2516 bellum
1349 2478 1490 2516 contra
1520 2474 1693 2516 Cassan-

175 2549 297 2591 drum
339 2549 568 2605 paravisset
606 2547 832 2589 Herculem
876 2543 1108 2586 Alexandri
1156 2548 1197 2585 et
1238 2544 1434 2585 Barsines
1476 2544 1607 2585 filium
1647 2545 1690 2585 in

173 2635 353 2678 regnum
384 2621 655 2663 Macedoniae
685 2632 730 2660 se
761 2619 1029 2660 reducturum
1061 2628 1151 2658 esse
1182 2616 1385 2657 simulans
1422 2621 1462 2657 et
1493 2621 1563 2657 aut
1596 2629 1690 2657 vere

291 2801 325 2846 *)
352 2801 426 2836 Eos
452 2800 573 2836 dicere
598 2800 712 2834 voluit
739 2799 1047 2842 Wilamowitzius,
1073 2802 1114 2833 ut
1139 2809 1275 2834 me('um
1301 2797 1586 2839 communicavit,
1612 2808 1689 2831 cum

172 2861 240 2897 sub
264 2859 371 2896 finem
396 2859 643 2895 adnotationis
669 2871 757 2895 suae
783 2861 919 2905 (Antig.
947 2871 976 2894 v.
1003 2859 1089 2894 Kar.
1116 2871 1150 2904 p.
1182 2861 1263 2904 141)
1300 2869 1370 2894 non
1403 2857 1493 2892 satis
1520 2860 1689 2891 accurate

173 2921 266 2958 dixit
292 2922 372 2967 „die
399 2921 670 2957 makedonische
695 2923 904 2968 Besaezuny
928 2932 997 2955 son
1024 2920 1197 2969 Sikyon.“
