2023 3299
1035 222 1086 262 16

418 342 497 383 Pro
537 341 750 396 explorato
793 340 923 393 igitur
962 337 1199 378 habendum
1242 341 1305 378 est
1334 335 1532 377 Pseudoli
1582 333 1821 388 exemplum

301 417 471 457 atticum
505 419 575 456 aut
605 428 637 455 a.
660 414 741 453 309
774 415 845 452 aut
874 425 906 451 a.
932 410 1014 451 308
1045 410 1211 451 doctum
1244 422 1346 462 csse,
1379 421 1454 449 nee
1479 407 1596 448 nimii
1620 406 1822 447 faciamus

302 492 478 542 oportet,
526 487 635 542 quod
683 484 927 539 Agathocles
959 495 995 523 v,
1031 483 1111 523 532
1148 495 1219 523 rex
1252 481 1504 535 appellatur,
1545 479 1681 533 quode
1725 477 1822 519 vide

303 560 678 602 Wilamowitzium.

416 632 664 685 Priusquam
706 629 757 670 ad
800 628 920 669 aliam
954 625 1134 667 fabulam
1169 632 1452 675 transeamus,
1493 636 1626 677 pauca
1655 622 1820 664 adicere

301 703 432 743 liceat.
505 700 666 750 Quibus
719 700 881 755 graecis
936 699 1066 751 poetis
1107 696 1281 737 Plautus
1326 694 1488 736 fabulas
1529 708 1627 736 suas
1673 693 1822 735 debeat

302 774 441 827 magni
476 777 613 813 nostra
642 773 813 813 interest
843 771 947 811 scire
988 773 1029 810 et
1070 768 1148 808 viri
1186 767 1297 808 docti
1329 767 1456 808 variis
1487 766 1720 807 rationibus
1750 778 1819 806 co-

301 845 385 885 nati
418 849 515 886 sunt
545 845 762 899 expiscari.
823 844 1047 895 Semperne
1079 842 1230 882 iustam
1265 840 1373 880 viam
1406 839 1654 891 institerint,
1697 837 1819 879 valde

300 917 454 958 dubito.
515 918 583 958 Sic
613 917 900 971 respicientes,
941 927 1065 968 quam
1097 914 1206 954 inter
1236 925 1279 953 se
1311 911 1466 953 similia
1495 911 1652 952 fuerint
1688 910 1820 955 multa

299 1002 430 1030 novae
463 989 700 1030 comoediae
730 988 962 1029 fabularum
994 989 1243 1040 argumenta
1287 988 1328 1025 et
1359 996 1482 1038 quam
1516 983 1682 1037 aequali
1722 982 1818 1023 ideo

300 1062 420 1102 modo
454 1062 548 1103 illae
579 1074 701 1116 saepe
734 1059 1011 1102 exstruendae
1041 1059 1218 1111 fuerint,
1264 1058 1333 1097 vix
1367 1056 1593 1111 quicquam
1625 1055 1723 1096 inde
1754 1055 1818 1096 lu-

298 1147 472 1187 cramur,
504 1134 615 1188 quod
647 1138 687 1175 et
717 1134 758 1174 in
792 1131 1044 1173 Mostellaria
1075 1134 1115 1172 et
1144 1131 1188 1171 in
1205 1130 1447 1170 Trinummo
1480 1141 1610 1170 senex
1643 1140 1817 1182 peregre

297 1207 463 1247 rediens
500 1211 738 1260 occupatam
784 1206 951 1246 domum
992 1204 1175 1255 invenit,
1218 1204 1260 1243 in
1305 1206 1479 1256 utraque
1526 1202 1576 1243 de
1621 1214 1670 1242 ea
1708 1213 1753 1242 re
1793 1215 1817 1242 a

297 1291 416 1318 servo
447 1278 597 1319 certior
626 1278 683 1330 fit,
714 1279 756 1318 in
781 1277 996 1330 utriusque
1028 1275 1111 1316 fine
1135 1275 1306 1316 domum
1338 1287 1457 1316 suam
1479 1276 1708 1328 recuperat,
1739 1284 1817 1313 nec

299 1351 427 1391 nimio
459 1351 551 1404 plus
583 1363 634 1392 ex
668 1351 727 1391 eis
759 1348 1028 1391 affinitatibus
1059 1347 1345 1402 colligendum
1388 1347 1516 1399 duco,
1564 1358 1667 1400 qnas
1705 1345 1817 1386 inter

297 1423 554 1464 Philemonis
592 1423 848 1463 Thesaurum
889 1421 1068 1462 Phasma
1107 1420 1335 1474 Emporum
1377 1418 1635 1460 intercedere
1676 1417 1816 1459 obser-

299 1494 411 1533 vavit
440 1492 695 1533 Ribbeckius
729 1492 857 1539 (Ro'm.
890 1490 1025 1532 Dicht.
1060 1491 1077 1531 I
1110 1504 1144 1544 p.
1181 1489 1290 1540 126).
1365 1488 1503 1538 Quare
1544 1489 1647 1529 haec
1688 1488 1817 1530 missa

296 1566 506 1605 faciamus.
567 1564 881 1618 Philologorum
913 1567 1051 1604 autem
1084 1567 1145 1604 est
1176 1562 1305 1603 multo
1337 1562 1572 1603 accuratius
1602 1562 1647 1602 in
1675 1560 1815 1602 Plauti

296 1636 457 1677 fabulas
496 1636 725 1689 inquirere,
770 1648 893 1689 quam
935 1635 1070 1675 adhuc
1111 1635 1268 1675 factum
1311 1638 1394 1685 est,
1442 1645 1524 1687 quo
1566 1632 1816 1674 certioribus

298 1712 485 1748 auctores
517 1720 658 1748 earum
691 1707 935 1748 enucleandi
968 1707 1125 1747 normis
1159 1706 1217 1747 uti
1250 1706 1467 1760 possimus.
1529 1706 1670 1759 Atque
1701 1705 1814 1759 quod

297 1781 347 1821 ad
381 1779 633 1821 Pseudolum
665 1781 822 1832 attinet,
854 1779 1130 1820 Menandrum
1159 1779 1297 1832 ipsum
1329 1778 1379 1819 ad
1412 1790 1530 1819 suam
1554 1777 1814 1819 comoediam

297 1852 339 1891 in
374 1865 408 1891 V.
441 1852 523 1891 412
568 1852 801 1905 respexisse
842 1850 990 1892 Leonis
1027 1855 1088 1892 est
1126 1851 1308 1905 suspicio
1343 1850 1380 1901 (l.
1412 1850 1435 1890 l.
1468 1863 1504 1904 p.
1540 1849 1638 1902 564>
1681 1862 1815 1904 eaque

297 1925 481 1965 omnium
505 1924 814 1977 simplicissima
844 1927 965 1977 atque
986 1927 1100 1964 tanto
1118 1923 1384 1977 probabilior,
1417 1923 1529 1977 quod
1559 1923 1633 1963 tali
1654 1923 1815 1965 ratione

297 1996 347 2036 ad
380 1996 609 2036 alienorum
632 1995 791 2035 fabulas
821 2000 959 2048 poetas
981 1996 1127 2036 atticos
1155 1995 1358 2036 adlusisse
1390 1995 1536 2036 saltem
1566 2008 1648 2035 non
1672 1995 1816 2037 multis

298 2068 502 2122 exemplis
542 2068 689 2122 poterit
729 2068 985 2121 comprobari
1001 2068 1052 2116 >¹<).
1115 2068 1203 2109 Iam
1242 2068 1366 2109 liceat
1396 2068 1500 2108 mihi
1531 2070 1813 2111 coniecturam

299 2140 491 2193 proferre,
523 2153 616 2193 qua,
648 2140 682 2180 si
713 2143 823 2180 recta
855 2144 925 2188 est,
956 2139 1107 2181 Leonis
1129 2141 1335 2181 sententia
1357 2153 1610 2195 magnopere
1629 2140 1813 2182 fulcitur.

298 2209 497 2250 Omnium
526 2209 758 2250 fabularum
794 2223 1067 2264 unaquaeque
1097 2223 1275 2264 persona
1318 2210 1420 2264 quid
1464 2210 1545 2251 sibi
1589 2210 1709 2264 velit,
1752 2211 1814 2253 fas

298 2286 360 2322 est
389 2295 463 2322 nos
495 2294 713 2335 quaerere,
750 2295 886 2336 neque
917 2283 1029 2323 enim
1061 2282 1175 2323 credi
1206 2286 1340 2336 potest
1383 2283 1474 2323 sine
1504 2282 1657 2323 idonea
1688 2296 1814 2327 causa

299 2354 424 2394 ullam
458 2354 520 2394 vel
553 2368 576 2394 a
608 2355 976 2408 neglegentissimo
1024 2359 1143 2410 poeta
1176 2358 1415 2409 usurpatam
1447 2367 1563 2407 esse3
1607 2355 1736 2397 immo
1777 2358 1813 2398 si

299 2438 378 2465 non
402 2430 648 2479 argumento
671 2426 915 2480 explicando
936 2428 1124 2479 inservit,
1155 2430 1336 2468 attamen
1360 2427 1665 2479 spectatoribus
1696 2432 1815 2471 extra

298 2577 503 2615 Ptolemaeo
530 2576 759 2620 tradidisset,
796 2579 988 2613 retinuisse
1013 2578 1201 2620 archanas,
1235 2577 1335 2612 cuius
1360 2577 1412 2612 rei
1439 2589 1504 2612 nec
1538 2579 1633 2613 ratio
1659 2585 1816 2624 apparet

298 2649 362 2671 neo
389 2638 499 2671 ullum
526 2641 644 2671 exstat
672 2639 922 2674 testimonium.
974 2640 1083 2673 Immo
1110 2640 1200 2674 haec
1227 2638 1361 2683 oppida
1393 2639 1426 2674 ei
1456 2640 1527 2674 iam
1553 2640 1688 2676 dudum
1713 2642 1815 2678 Tele-

299 2697 452 2739 sphorus
479 2697 664 2739 eripuerat
690 2701 724 2730 et
752 2702 877 2741 postea
904 2699 1132 2733 Ptolemaeus
1159 2699 1332 2743 Antigoni
1358 2698 1430 2733 dux
1457 2705 1709 2744 occupaverat.

417 2757 449 2797 ²³²)
477 2758 592 2792 Unum
634 2758 877 2801 suppeditavit
918 2760 1004 2794 mihi
1039 2759 1355 2803 Wilamowitzius,
1399 2761 1462 2794 ubi
1501 2766 1611 2805 poeta
1652 2765 1812 2800 auctoris

299 2830 425 2853 nomen
451 2818 600 2861 addidit,
627 2821 688 2853 A-r.
717 2820 795 2863 hys,
826 2824 908 2855 158:
942 2822 980 2855 τὸ
1007 2824 1066 2855 τοῦ
1093 2820 1333 2868 Φερεκράτους,
1360 2823 1442 2856 xva-m
1470 2823 1571 2870 δέρειν
1598 2824 1812 2872 δεδαρμένην.

298 2880 534 2921 Menandrum
570 2880 605 2913 in
640 2881 924 2925 Disexapatonte
965 2882 1012 2917 ad
1036 2882 1199 2917 Alexidis
1235 2883 1459 2918 Demetrium
1491 2889 1676 2928 spectasse
1710 2897 1814 2931 nego,

300 2940 345 2975 cf.
372 2939 480 2974 infra.
