2023 3299
989 217 1042 258 50

261 351 341 379 000
374 340 485 378 tanto
517 336 733 376 certiorem
774 332 975 386 reddidit,
1018 333 1138 374 docet
1166 332 1393 387 Pompeius
1423 331 1584 387 Trogus
1617 332 1778 386 (Iustin.

262 409 414 464 23,4),
459 408 577 449 docet
606 407 838 448 Pausaniae
880 406 996 446 locus
1037 405 1112 459 (VI
1147 406 1212 459 12,
1235 405 1274 457 2)
1315 405 1366 446 ab
1409 405 1638 448 editoribus
1670 408 1781 448 recte

261 483 493 538 suppletus,
548 493 671 535 quem
727 480 876 521 nollem
931 477 1136 520 Gerckius
1186 479 1246 519 sic
1302 478 1595 532 interpretatus
1647 482 1779 521 esset:

261 555 388 610 „Also
427 567 540 594 wass
581 553 740 594 Hieron
784 551 930 592 bereils
971 550 1125 592 cinmal
1169 550 1243 591 mit
1284 552 1343 591 32
1383 550 1548 592 chcren
1589 550 1782 593 Arclzont

256 640 437 681 {Jewesen
468 626 603 677 seim&
650 638 741 665 narn
786 624 959 678 imperio
991 635 1087 665 eum
1121 636 1306 677 unquam
1339 623 1547 677 privatum
1581 636 1672 665 esse
1705 636 1782 665 nec

259 700 455 741 traditum
478 702 538 739 est
560 710 635 739 nec
656 697 768 739 credi
791 700 935 751 potest,
967 696 1067 751 quin
1093 696 1216 738 etiam
1234 695 1332 736 inde
1356 709 1379 735 a
1400 695 1545 749 primis
1561 696 1781 750 magistra-

261 776 325 813 tus
366 771 619 825 temporibus
653 771 810 810 maiora
856 782 952 810 eum
983 769 1233 824 appetivisse
1266 768 1462 822 aequales
1493 770 1784 822 cognoverunt

262 844 435 897 Polybio
467 846 568 884 teste
601 842 778 897 (1,8,5>;
818 841 927 895 quod
960 853 1057 882 vero
1089 841 1314 883 Belochius
1346 841 1396 882 de
1427 839 1662 881 Pausaniae
1693 840 1784 881 1000

259 900 452 968 protulit,
508 926 589 953 non
634 916 695 954 est
738 912 817 953 nisi
862 924 974 952 mera
1015 911 1275 964 coniectura,
1316 911 1551 952 accuratius
1591 922 1687 951 eum
1718 909 1783 950 in-

259 985 450 1040 spicienti
490 984 620 1025 multo
658 984 866 1024 videbitur
908 982 1164 1037 probabilius
1206 983 1462 1037 periegetam
1505 981 1782 1023 aut-chrono-

260 1057 416 1112 grapho
448 1057 588 1110 aliquo
621 1059 693 1097 aut
723 1068 770 1096 eo
802 1055 997 1096 historico
1030 1068 1151 1096 usum
1179 1067 1280 1108 esse,
1314 1055 1386 1109 qui
1417 1054 1469 1095 ad
1488 1053 1780 1108 Olympiorum

258 1130 460 1170 rationem
504 1128 717 1169 historiam
761 1126 991 1181 scripserit,
1039 1127 1211 1168 fortasse
1253 1126 1438 1168 Timaeo.
1507 1126 1629 1167 Adde
1670 1125 1783 1180 quod

258 1198 437 1239 Zonaras
485 1197 588 1238 VIII
636 1198 659 1237 6
712 1198 832 1252 plane
883 1197 1089 1238 consentit
1134 1209 1229 1237 cum
1276 1196 1436 1237 Iustino
1495 1199 1536 1238 et
1578 1195 1783 1249 Polybius

257 1271 384 1312 altero
406 1271 495 1311 1000
519 1270 616 1329 ΝΠ
634 1271 721 1323 SA)
747 1269 953 1324 expressis
975 1269 1114 1310 verbis
1136 1268 1363 1310 memoriae
1385 1269 1569 1323 prodidit
1591 1281 1687 1310 eum
1710 1281 1783 1324 per

260 1342 567 1397 quinquaginta
598 1345 792 1396 quattuor
822 1354 952 1382 annos
983 1353 1126 1396 regem
1157 1341 1289 1382 fuisse
1322 1338 1403 1394 (ἔτη
1437 1337 1510 1395 γὰρ
1543 1341 1783 1395 πεντήκοντα

261 1410 324 1452 καὶ
368 1411 532 1467 τέτταρα
576 1411 809 1467 βασιλεύσας
841 1410 1060 1466 ζδιέτηρησε
1102 1408 1170 1465 μὲν
1209 1411 1257 1465 τῄ
1300 1409 1457 1465 πατρίδι
1497 1409 1566 1465 τὴν
1599 1410 1785 1465 εἰρήνην)7

259 1498 381 1538 (10001
413 1484 550 1525 locum
583 1498 607 1525 a
637 1484 815 1525 Gerckio
848 1488 887 1525 et
917 1483 1116 1525 Belochio
1153 1496 1369 1538 perperam
1403 1483 1660 1538 explicatum
1692 1494 1783 1525 esse

260 1569 307 1598 eo
339 1558 473 1611 magis
505 1557 768 1612 perspicuum
802 1560 873 1607 est,
910 1556 1021 1611 quod
1052 1556 1256 1609 Polybius
1286 1557 1431 1611 paucis
1464 1556 1655 1598 versibus
1688 1559 1783 1598 ante

259 1631 547 1684 imperatorem
581 1629 937 1682 Syracusanorum
969 1630 1262 1684 sociorumque
1294 1643 1317 1671 a
1348 1629 1652 1682 Syracusarum
1682 1642 1784 1684 rege

260 1702 411 1743 diserte
443 1703 696 1744 discreverat
727 1703 820 1756 (8,1
866 1705 1018 1756 πρῶτον
1064 1700 1129 1756 μὲν
1179 1701 1228 1741 δι’
1262 1701 1382 1742 αὐτοῦ
1413 1702 1682 1756 κατεκτήσατο
1713 1699 1784 1756 τὴν

258 1774 511 1829 Συρακοσίων
552 1773 616 1814 καὶ
656 1778 731 1814 τῶν
764 1773 983 1830 συμμάχων
1018 1775 1155 1830 ἀρχήν.
1218 1775 1301 1829 8,2
1343 1772 1408 1814 καὶ
1452 1773 1527 1829 μὴν
1569 1774 1641 1815 οὐκ
1682 1774 1786 1815 ἀπο-

260 1847 422 1899 κτείνας,
455 1847 499 1888 οὐ
534 1847 797 1902 φυγαδεύσας7
833 1847 876 1888 οὐ
909 1848 1088 1902 λυπήσας
1115 1846 1257 1888 οὐδένα
1278 1855 1352 1888 τῶν
1376 1848 1558 1899 πολιτῶν,
1593 1842 1640 1887 δι’
1664 1846 1786 1887 αὑτοῦ

263 1919 444 1977 βασιλεὺς
489 1920 658 1975 κατέστη
707 1924 784 1960 τῶν
827 1920 1112 1976 Συρακοσίων).
1190 1921 1344 1962 Verbis
1391 1924 1531 1962 autem
1584 1918 1651 1975 ἔτη
1709 1918 1784 1976 γὰρ

259 1994 498 2048 πεντήκοντα
529 1991 593 2032 καὶ
625 1993 790 2048 τέτταρα
824 1993 1056 2049 βασιλεύσας
1089 2006 1171 2034 000
1199 1997 1331 2034 totum
1363 1996 1538 2048 tempus,
1569 2006 1642 2048 per
1672 1993 1784 2048 quod

259 2067 480 2122 imperium
513 2067 759 2119 obtinuerit,
802 2080 945 2107 verum
976 2067 1036 2121 id,
1079 2080 1152 2121 per
1183 2067 1294 2121 quod
1326 2080 1401 2108 rex
1431 2067 1581 2121 fuerit,
1624 2067 1784 2108 dictum

260 2153 349 2181 esse
381 2152 506 2193 quam
538 2139 766 2180 certissime
798 2142 980 2194 arguunt
1021 2143 1061 2180 et
1101 2140 1352 2181 antecedens
1394 2140 1677 2181 enuntiatum:
1727 2137 1784 2180 ἔτι

262 2210 304 2252 δὲ
334 2210 377 2251 τὸ
411 2210 463 2266 μὴ
499 2211 612 2265 μόνον
644 2212 867 2265 κτήσασθαι
898 2210 967 2266 τὴν
1001 2209 1127 2266 ἀρχὴν
1160 2211 1260 2263 (scil.
1301 2211 1368 2265 τὴν
1404 2211 1624 2267 βασιλείαν)
1658 2211 1783 2259 οὕτως

263 2284 363 2336 (scil.
396 2283 466 2323 οὐκ
506 2283 760 2335 ἀποκτείνας,
807 2283 849 2323 οὐ
894 2282 1166 2339 φυγαδεύσας7
1215 2283 1258 2324 οὐ
1301 2285 1479 2338 λυπήσας
1521 2283 1664 2325 οὐδένα
1706 2287 1783 2326 τῶν

260 2357 464 2408 πολιτῶν),
513 2354 615 2396 ἀλλὰ
656 2354 719 2396 καὶ
765 2355 1000 2411 διαφυλάξαι
1037 2355 1102 2397 τὸν
1144 2355 1258 2397 αὐτὰν
1303 2357 1457 2411 τρόπον.
1492 2355 1560 2412 ἔτη
1594 2355 1668 2412 γὰρ
1700 2357 1778 2399 κτὲ.

260 2430 301 2467 et
324 2427 542 2480 sequentia
564 2426 708 2467 verba:
744 2426 952 2481 διεφύλαξε
985 2426 1019 2467 δ’
1053 2422 1162 2482 αὑτῷ
1193 2425 1261 2481 τὴν
1292 2426 1420 2482 ἀρχὴν
1441 2427 1781 2483 ἀνεπιβούλευτον,

263 2496 424 2552 διέφυγε
469 2496 511 2537 δὲ
557 2496 619 2537 τὸν
667 2499 748 2544 ταῖς
796 2498 1081 2556 ὑπεροχαῖς
1121 2499 1394 2554 παρεπόμενον
1440 2500 1613 2555 φθόνον·
1644 2500 1684 2547 ὅς
1735 2515 1781 2554 γε

261 2568 450 2616 πολλάκις
496 2570 777 2627 ἐπιβαλόμενος
830 2572 1055 2614 ἀποθέσθαι
1105 2571 1174 2627 τὴν
1231 2571 1546 2614 δυναστείαν
1593 2572 1781 2629 ἐκωλύθη

260 2641 358 2684 κατὰ
389 2641 515 2683 κοινὸν
548 2641 621 2683 ὑπὸ
652 2647 728 2684 τῶν
760 2646 925 2687 πολιτῶν
937 2647 985 2700 >¹‘).
1047 2646 1226 2688 Prorsus
1266 2646 1387 2688 aliter
1426 2649 1687 2701 comparatus
1718 2649 1782 2688 est

376 2834 409 2879 ἶ1)
437 2834 638 2879 Reussium,
666 2836 726 2880 qui
751 2837 787 2872 in
805 2837 857 2873 Fl.
886 2849 966 2875 ann.
994 2837 1080 2884 phil.
1105 2849 1136 2873 a.
1159 2838 1247 2873 1892
1271 2848 1305 2882 p.
1328 2839 1393 2872 107
1412 2836 1608 2873 Hieronem
1622 2835 1780 2882 primum

258 2894 582 2941 Syracusanorum,
617 2897 744 2933 deinde
777 2901 955 2937 sociorum
989 2911 1132 2946 quoque
1162 2911 1284 2945 regem
1309 2899 1448 2934 factum
1474 2909 1553 2935 esse
1580 2897 1777 2945 contendit,

257 2956 433 2993 refutavit
458 2957 649 2996 Belochius
675 2971 709 3006 p.
736 2962 815 2998 483.
