1988 3273
898 169 950 209 19

165 286 344 329 nobilem
390 285 504 326 illam
537 284 889 338 oppugnationem
939 284 1050 323 urhis
1089 298 1123 325 a.
1157 285 1238 323 3053
1272 286 1415 326 factam
1450 288 1674 339 significari

161 371 306 400 omnes
337 359 444 398 inter
473 369 518 397 so
549 361 859 397 consenserunt.
923 355 1009 395 ΗΜ·
1042 358 1075 397 si
1110 362 1217 398 recte
1249 372 1292 397 se
1326 358 1467 403 habet.
1511 368 1677 414 appan-vt

158 429 569 484 Therapontigonum
591 427 902 481 Platagidoriuu
928 427 1135 469 Demetrio
1154 428 1406 470 Polior-cetae
1421 439 1674 472 {turinianum

161 513 210 543 eo
242 501 332 556 ipso
365 514 474 542 anno
497 500 695 555 Epidauri
730 501 869 544 fnisse.
901 514 981 554 quo
1016 502 1081 541 hic
1104 501 1282 541 hostium
1317 503 1454 556 copias
1485 518 1534 543 ex
1560 504 1675 545 Pelo-

160 586 345 628 ponneso
377 572 550 627 expulit.
604 573 764 626 Scripta
796 577 856 613 est
887 573 1016 625 igitur
1047 572 1241 614 Curculio
1274 579 1363 626 post
1395 588 1427 614 a.
1461 578 1553 615 3023.
1606 578 1675 616 ΑΙ-

159 649 294 687 terum
330 646 554 687 terminum
588 645 937 685 Wilam«.›witzius
971 646 1105 698 posuit
1136 658 1292 685 annum
1327 648 1422 689 ⁶295.
1453 661 1534 700 quo
1562 647 1675 699 Lysi-

157 717 331 759 machus
377 729 447 758 eas
491 722 642 766 terras,
689 729 795 770 quae
828 717 1042 769 Antigono
1074 716 1279 758 debellato
1323 723 1361 758 et
1395 719 1605 760 interfecto
1637 722 1673 761 ei

156 791 384 845 promissae
416 795 544 841 erant,
576 802 743 843 prorsus
774 788 1007 841 subegerat.
1040 789 1079 829 id
1113 789 1223 843 quod
1258 795 1346 843 post
1375 803 1442 841 ea,
1487 805 1592 845 quae
1625 793 1674 833 ‹le

159 861 281 904 Caria
302 863 586 917 exposuimus,
619 875 698 902 non
732 861 813 902 iam
848 862 956 902 valet
991 862 1028 901 in
1050 862 1354 903 Curculionem.
1403 864 1480 903 Sed
1506 866 1674 905 tortasse

158 948 240 976 non
273 948 376 989 opus
416 940 478 975 est
520 935 596 975 hoc
636 939 894 988 argumento.
957 937 1216 988 Quamquam
1261 936 1370 975 enim
1418 933 1535 989 poeta
1579 950 1674 978 nus-

160 1020 286 1062 quam
315 1007 530 1058 indicavit,
563 1006 1130 1060 quandoTherap‹›ntigonus
1153 1009 1409 1048 meretricem
1442 1008 1521 1048 sibi
1555 1010 1679 1051 desti-

157 1080 338 1131 naverit,
378 1078 581 1120 Demetrii
614 1084 750 1119 autem
794 1081 935 1133 copiae
968 1081 1091 1120 etiam
1123 1084 1214 1133 post
1243 1093 1277 1119 a.
1310 1080 1413 1131 303,
1455 1094 1547 1120 cum
1589 1082 1674 1135 ipse

158 1152 203 1194 in
235 1152 378 1193 Asiam
410 1152 616 1206 prol-'ectus
648 1158 776 1202 esset,
821 1153 860 1191 in
896 1152 1179 1205 Peloponneso
1220 1151 1414 1205 praesidii
1458 1167 1581 1194 eausa
1614 1168 1674 1196 rc-

158 1224 281 1266 liotae
312 1228 431 1266 erant
461 1223 588 1277 (Plut.
614 1223 794 1265 Demetr.
816 1225 901 1276 31),
933 1229 1067 1264 tamen
1102 1223 1209 1264 ultra
1239 1224 1440 1277 proelium
1468 1223 1673 1277 Ipsiacum

158 1309 211 1338 ne
243 1296 560 1351 progrediamur
591 1296 834 1337 dissuadere
869 1296 1056 1348 videtur,
1100 1296 1208 1350 quod
1251 1296 1346 1336 illac
1380 1297 1475 1336 indo
1516 1297 1566 1338 ab
1599 1299 1674 1339 hoc

157 1369 247 1424 ipso
286 1381 337 1410 ex
372 1368 567 1410 omnibus
599 1381 729 1422 paene
763 1368 1035 1422 Peloponnesi
1071 1368 1232 1422 oppidis
1265 1368 1533 1422 eiciebantur,
1572 1370 1674 1411 adeo

160 1448 208 1482 ut
236 1441 323 1483 sola
354 1442 440 1482 fere
462 1440 633 1495 Megara
665 1446 705 1482 et
736 1440 959 1481 Corinthus
992 1442 1030 1480 in
1066 1439 1266 1481 Demetrii
1299 1445 1497 1493 potestate
1534 1454 1675 1483 manc—

157 1518 260 1554 rent.
321 1513 400 1554 His
432 1525 528 1553 vero
570 1512 827 1566 temporibus
868 1513 938 1552 vix
983 1511 1195 1552 arbitreris
1240 1512 1413 1552 militem
1456 1513 1493 1552 ei
1534 1517 1673 1554 aucto-

156 1590 292 1627 ratum
332 1585 590 1640 Epidaurum
635 1586 777 1626 venire
817 1585 1009 1639 potuisse.
1070 1583 1176 1625 Nam
1221 1584 1332 1638 pacis
1374 1585 1673 1638 tranquillitate

157 1657 523 1713 septentrionalem
555 1657 831 1712 Peloponnesi
864 1661 1017 1711 partem
1054 1670 1168 1698 usam
1201 1669 1291 1697 esse
1322 1657 1523 1710 proximis
1555 1659 1674 1699 annis

158 1743 279 1772 nemo
311 1731 475 1782 credet,
516 1731 589 1784 qui
621 1729 822 1771 Demetrii
855 1729 994 1783 copias
1038 1730 1079 1769 in
1112 1728 1268 1770 Isthmo
1300 1729 1517 1770 collocatas
1548 1731 1675 1772 fuisse

155 1804 410 1858 respexerit3
455 1803 565 1857 quod
607 1804 738 1857 igitur
783 1802 969 1854 Pyrrhus
1000 1800 1202 1842 Demetrii
1247 1800 1333 1841 dux
1365 1814 1397 1841 a.
1434 1802 1536 1853 300,
1579 1816 1672 1844 cum

159 1875 433 1917 Athenienses
479 1879 520 1916 et
564 1875 702 1915 Aetoli
755 1875 909 1915 bellum
961 1877 1155 1928 gererent
1199 1886 1291 1913 cum
1335 1872 1563 1914 Cassandro
1609 1875 1674 1923 (cf.

154 1943 400 1998 Droysenus
430 1943 550 1986 Diad.
584 1944 623 1985 II
656 1957 695 1997 p.
729 1945 824 1997 241,
856 1944 1025 1985 Niesius
1056 1957 1090 1998 p.
1125 1944 1246 1995 357),
1289 1955 1431 1983 eorum
1475 1943 1598 1984 rebus
1629 1958 1672 1986 sc

155 2030 238 2058 non
280 2017 534 2069 immiscuit,
576 2017 697 2058 facile
753 2021 817 2058 est
861 2016 1093 2070 explicatu:
1137 2019 1361 2069 occupatus
1398 2020 1486 2055 erat
1524 2016 1565 2056 in
1612 2018 1672 2057 eis

154 2089 342 2145 oppidis,
388 2102 495 2144 quae
542 2103 566 2129 a
614 2088 825 2130 Demetrio
874 2088 1153 2139 desciverant,
1200 2087 1502 2141 recuperandis.
1578 2088 1668 2129 Non

155 2162 297 2204 omnia
327 2174 422 2202 eum
455 2166 497 2202 et
528 2162 600 2215 qui
635 2162 673 2202 ei
696 2161 943 2202 successerit
964 2172 1228 2214 expugnasse
1259 2159 1357 2200 iude
1378 2159 1673 2214 intellegimus,

153 2234 265 2290 quod
311 2233 563 2275 Poliorcetes
606 2234 771 2274 circiter
810 2247 844 2274 a.
876 2233 958 2273 296
1012 2232 1229 2272 obsidione
1272 2230 1481 2272 Messenes
1527 2233 1669 2274 relicta

152 2306 354 2348 nonnulla
393 2307 437 2347 in
478 2319 596 2347 suam
629 2310 872 2360 potestatem
904 2304 1114 2346 revocavit
1144 2304 1208 2356 (cf.
1240 2303 1348 2344 Plut.
1379 2302 1558 2344 Demetr.
1591 2307 1668 2345 33:

153 2378 284 2425 πόλεις
314 2375 419 2424 τινὰς
444 2378 681 2432 ἀφεστώσας
704 2376 1064 2432 προσαγαγόμενος)
1081 2375 1130 2428 ÷³).
1178 2375 1388 2416 Nimirum
1411 2376 1516 2416 hane
1547 2378 1670 2418 ratio-

152 2451 407 2494 cinationem
453 2450 718 2492 Curculionis
768 2451 943 2505 tempori
990 2448 1226 2490 definiendo
1274 2448 1546 2502 probabilem,
1587 2463 1668 2491 non

150 2527 305 2565 certam
350 2536 571 2579 possumus
622 2522 842 2576 adhibere,
888 2521 1094 2575 siquidem
1141 2532 1221 2560 non
1266 2520 1402 2561 edocti
1434 2534 1579 2561 sumus
1618 2522 1668 2563 de

151 2597 235 2638 situ
278 2594 435 2637 Cariae.
495 2594 685 2637 Sufficiat
725 2595 857 2650 igitur
897 2594 1034 2634 dicere
1075 2596 1258 2646 poetam,
1301 2592 1335 2632 si
1368 2591 1559 2645 Sicyonis
1599 2607 1668 2648 op-

270 2827 303 2874 *)
332 2828 410 2862 Huc
437 2828 558 2863 nescio
586 2838 633 2862 an
652 2824 884 2862 referendum
910 2825 957 2860 sit
984 2823 1073 2859 illud
1089 2823 1269 2860 Athenaei
1294 2824 1341 2870 (X
1366 2837 1398 2869 p.
1419 2827 1543 2871 415a),
1573 2825 1664 2870 quod

153 2888 364 2937 Droysenus
391 2889 495 2925 Diad.
523 2891 556 2925 lI
581 2901 615 2934 p.
643 2892 711 2925 257
738 2900 832 2924 anno
859 2892 926 2924 295
955 2887 1090 2921 tribuit.
