2023 3299
985 206 1041 248 46

261 326 400 381 Atque
446 328 663 367 externum
706 323 910 378 quendam
959 335 1101 378 regem
1151 323 1376 365 subaudire
1418 336 1542 378 quam
1583 323 1774 378 ineptum

261 400 334 452 sit,
375 399 583 439 nominem
627 397 755 451 fugit,
798 396 870 437 sed
909 407 962 436 ne
994 395 1318 437 Atheniensium
1360 396 1530 450 quidem
1561 408 1656 450 rex,
1700 395 1775 450 qui

261 485 375 512 sacra
407 472 465 511 rei
498 470 688 524 publicae
720 467 1046 522 administrabat,
1077 469 1267 523 intellegi
1299 472 1432 523 potest
1468 493 1507 498 -
1547 481 1642 510 eum
1663 468 1773 510 Trin.

262 545 342 585 ‘207
377 544 459 584 (lici
492 543 769 595 Ostormayeri
804 547 865 583 ost
895 541 1110 595 sententia,
1142 542 1189 582 cf.
1221 541 1329 582 infra
1359 565 1426 595 —,
1469 554 1565 583 nam
1598 541 1774 583 ubicun-

263 629 343 671 que
382 617 490 657 servi
534 620 605 657 aut
644 616 812 670 parasiti
854 617 1065 655 currentes
1096 614 1356 655 obstantibus
1396 615 1662 668 minitantur,
1704 627 1775 656 eos

262 691 423 742 dicunt,
466 691 535 743 qui
574 690 615 729 in
650 701 694 729 re
723 688 889 742 publica
920 687 1105 741 gerenda
1136 687 1295 741 aliquid
1329 688 1490 741 valent,
1531 687 1775 729 demarchos

259 763 497 803 comarchos
527 765 729 816 strategos
761 772 1047 815 agoranomos.
1109 759 1203 801 Non
1235 761 1367 814 igitur
1397 760 1457 801 fas
1498 763 1560 801 est
1591 760 1775 815 cogitare

261 836 340 875 nisi
373 835 423 875 ‹lo
456 846 551 875 vero
584 846 694 887 rege,
727 834 798 885 qui
831 832 1158 887 cumAdelphoe
1190 832 1416 873 docebatur
1434 832 1607 873 Athenis
1638 832 1774 874 fuerit.

260 907 520 949 Demetrium
571 906 845 948 Poliorcetam
899 904 1129 960 significari
1188 905 1335 946 elucet.
1417 904 1499 954 Qui
1557 908 1774 960 postquam

260 997 292 1023 a.
326 982 406 1022 307
439 979 593 1034 πέμπτῃ
629 979 831 1034 φθίνοντος
866 977 1144 1032 Θαργηλιῶνος
1177 978 1299 1030 (Plut.
1321 977 1502 1019 Demetr.
1525 978 1565 1030 8)
1588 978 1775 1020 Athenas

259 1054 464 1109 profectus
496 1052 643 1093 Piraeo
672 1052 969 1104 Munichiaque
1000 1052 1254 1105 expugnatis
1297 1051 1339 1091 in
1373 1051 1604 1092 libertatem
1638 1051 1775 1092 vindi-

259 1127 369 1167 cavit
398 1139 490 1166 cum
524 1124 723 1166 inauditis
756 1123 981 1165 honoribus
1012 1123 1183 1165 affectus
1225 1127 1315 1165 tum
1353 1124 1465 1178 regis
1509 1123 1679 1166 nomine
1710 1137 1775 1166 or-

260 1202 400 1251 natus,
446 1202 572 1239 totam
605 1198 783 1238 hiemem
825 1197 883 1238 ibi
928 1197 1045 1251 degit
1084 1200 1124 1238 et
1155 1210 1188 1238 a.
1223 1197 1304 1238 306
1337 1195 1554 1249 Dionysiis
1586 1197 1689 1239 actis
1720 1222 1774 1227 -—

259 1285 353 1313 nam
385 1272 427 1312 in
462 1272 550 1312 eius
582 1271 780 1311 honorem
812 1269 1025 1311 Demetria
1055 1271 1268 1311 nominata
1300 1273 1398 1311 sunt
1428 1293 1480 1298 —
1512 1270 1631 1311 iussu
1654 1270 1775 1311 Anti-

258 1344 358 1399 goni
389 1343 430 1383 in
465 1342 645 1397 Cyprum
680 1342 903 1396 navigavit.
965 1341 1124 1392 Quodsi
1156 1342 1377 1383 statuimus
1409 1342 1622 1396 Adelphos
1653 1342 1774 1384 initio

260 1417 358 1457 anni
391 1416 471 1456 306
504 1419 635 1456 actam
669 1428 770 1468 esse,
802 1414 940 1455 omnia
971 1414 1077 1456 bene
1109 1427 1152 1455 se
1184 1415 1347 1456 habent.
1407 1414 1516 1455 Nam
1548 1427 1644 1456 curn
1678 1416 1775 1457 Asia

258 1488 357 1529 inde
389 1488 439 1529 ab
471 1502 504 1528 a.
538 1488 633 1540 312,
668 1488 853 1528 Athenae
883 1500 978 1528 vero
1011 1500 1083 1541 per
1112 1490 1243 1528 totum
1274 1487 1351 1528 hoc
1382 1490 1557 1542 tempus,
1594 1488 1629 1529 si
1662 1488 1776 1529 exci-

260 1561 396 1616 pimus
435 1561 604 1601 brevem
636 1559 863 1601 Ptolemaei
910 1559 1028 1600 ducis
1069 1559 1380 1614 expeditionem
1423 1574 1457 1601 a.
1490 1560 1572 1600 312
1611 1561 1778 1614 factam,

260 1634 372 1688 pacis
403 1633 701 1685 tranquillitate
733 1645 832 1673 usae
864 1634 957 1685 sint,
986 1632 1107 1673 facile
1137 1632 1398 1686 intellegitur
1428 1636 1469 1673 et
1490 1632 1773 1688 Epignomum

259 1706 678 1760 Pamphilippumque
710 1718 796 1746 rem
831 1705 1076 1746 familiarem
1109 1705 1339 1746 comedisse
1372 1705 1423 1756 (ν.
1457 1705 1554 1758 630)
1597 1710 1638 1747 et
1668 1718 1775 1747 mer-

260 1779 380 1820 candi
425 1792 549 1820 causa
588 1779 630 1819 in
675 1779 814 1819 Asiam
855 1779 1000 1820 abisse.
1061 1777 1301 1819 Demetrius
1344 1778 1497 1820 deinde
1542 1792 1575 1819 a.
1608 1780 1691 1819 303
1735 1782 1776 1820 et

262 1853 343 1893 302
378 1852 553 1892 Athenis
583 1851 672 1904 fuit,
704 1852 777 1892 sed
808 1851 857 1892 de
889 1852 953 1892 his
984 1852 1105 1892 annis
1136 1851 1293 1892 bellum
1317 1854 1511 1903 quattuor
1539 1864 1613 1906 per
1643 1865 1775 1894 annos

260 1937 354 1965 cum
386 1923 615 1965 Cassandro
647 1927 812 1978 gestum
845 1928 954 1965 vetat
985 1923 1172 1978 cogitari.
1235 1924 1280 1965 A.
1313 1925 1397 1965 294
1427 1924 1512 1965 iam
1542 1938 1668 1980 supra
1696 1925 1775 1967 im-

259 1996 536 2051 probavimus.
595 1996 816 2038 Tenendus
847 1997 978 2050 igitur
1009 2000 1070 2038 est
1100 2010 1135 2038 a.
1170 1996 1264 2037 306.

376 2069 559 2122 Accedit,
592 2072 637 2109 ut
667 2069 726 2109 sio
758 2068 924 2109 demum
956 2070 1111 2123 legatio
1132 2068 1491 2110 Ambraciotarum
1523 2072 1616 2124 apte
1647 2069 1778 2125 possit

262 2142 471 2196 explicari.
554 2140 660 2182 Nam
704 2154 797 2182 cun]
839 2141 1054 2195 Epirotae,
1097 2141 1168 2182 ubi
1224 2141 1405 2196 primum
1445 2140 1686 2184 Demetrius
1730 2143 1775 2184 in

262 2214 435 2254 Graecia
466 2214 659 2266 constitit,
689 2213 915 2254 rebellione
947 2217 1089 2255 contra
1121 2213 1399 2255 Cassandrum
1430 2215 1537 2256 facta
1566 2218 1608 2256 et
1630 2215 1778 2258 Alceta

260 2287 505 2340 interempto
537 2286 744 2338 Pyrrhum
785 2299 925 2341 regem
967 2287 1243 2341 recepissent,
1282 2300 1420 2328 nonne
1452 2292 1777 2330 consentaneum

263 2360 327 2397 est
357 2356 523 2397 credere
563 2357 640 2397 hoc
676 2357 765 2411 ipso
798 2360 979 2411 tempore
1012 2357 1258 2398 Ambraciae
1289 2369 1456 2410 quoque
1497 2358 1611 2399 cives
1642 2372 1778 2400 mace-

263 2430 411 2470 donica
441 2432 638 2483 potestate
670 2442 759 2471 sese
781 2429 990 2484 liberasse,
1022 2431 1265 2485 praesertim
1296 2443 1391 2471 cum
1424 2433 1464 2471 et
1484 2430 1602 2485 Epiri
1632 2444 1776 2487 regem

261 2507 302 2544 ct
334 2502 502 2543 Aetolos
532 2515 575 2542 se
607 2502 821 2543 adiuturos
862 2516 951 2544 esse
981 2506 1150 2557 possent
1180 2503 1454 2557 exspectare?
1514 2502 1680 2545 Deinde
1711 2505 1778 2547 vel

262 2589 334 2630 per
378 2588 421 2616 se
463 2574 841 2629 probabilissimum
887 2580 948 2618 est
979 2576 1186 2630 Pyrrhum
1231 2590 1327 2618 cum
1358 2575 1572 2617 Demetrio
1610 2577 1778 2620 foedere

261 2661 304 2689 se
335 2647 524 2696 sociasse,
556 2660 651 2687 cum
683 2648 825 2701 paucis
855 2649 976 2689 annis
1008 2651 1099 2703 post
1129 2661 1150 2690 e
1182 2661 1313 2702 regno
1344 2648 1545 2702 expulsus
1576 2648 1620 2688 in
1651 2649 1778 2691 huius

263 2719 395 2758 castra
436 2729 479 2757 se
510 2717 744 2758 contulerit.
809 2717 1001 2760 Vidimus
1041 2718 1174 2773 igitur
1203 2717 1424 2759 Menandri
1457 2718 1666 2773 Adelphos
1705 2721 1779 2761 vix

263 2793 357 2830 ante
388 2804 420 2830 a.
453 2790 533 2830 317
567 2789 706 2831 doceri
737 2792 932 2845 potuisse,
976 2791 1157 2833 vidimus
1188 2792 1348 2846 legatos
1379 2791 1703 2835 Ambracienses
1731 2794 1777 2834 in

262 2875 310 2903 ea
340 2865 680 2903 commemoratos
713 2863 896 2905 Athenas
926 2865 1168 2917 nequivisse
1200 2863 1343 2905 venire
1385 2863 1469 2905 nisi
1506 2863 1618 2906 intra
1646 2877 1778 2907 annos

263 2935 343 2977 307
378 2938 418 2976 et
447 2935 617 2977 fortasse
648 2935 744 2990 302,
776 2948 856 2990 quo
888 2936 1075 2991 Pyrrhus
1105 2949 1236 2992 regno
1267 2936 1454 2992 privatus
1484 2939 1559 2993 est,
1594 2935 1779 2992 vidimus
