1988 3273
967 173 1018 213 57

232 283 383 324 multas
413 282 550 325 Plauti
593 288 633 325 et
662 284 842 327 Terentii
886 285 1046 328 fabul-is
1086 288 1136 329 ad
1170 287 1439 344 Posidippum
1484 290 1635 330 referre
1678 302 1744 330 co-

230 355 355 410 gitur.
402 355 594 410 Namque
625 358 732 398 scivi
765 359 886 412 (oqui
925 360 1048 400 indu«
1054 365 1179 401 untur
1209 361 1250 400 in
1287 360 1579 413 Menaechmis,
1612 361 1744 402 Aulu-

230 426 352 493 Qa,
394 414 717 484 Curculionc*),
758 429 891 489 ΜίΙίῒο
925 432 1135 484 Glorioso,
1176 445 1402 488 cpquoium
1448 446 1620 473 munere
1651 434 1744 473 fun·

229 503 388 553 guntur
418 500 528 541 servi
558 499 731 541 Toxilus
764 502 803 541 in
840 502 976 545 Persa.
1013 504 1043 544 C
1050 517 1195 566 namus
1228 505 1266 544 in
1299 505 1570 557 ΠἸιυοιιίυιω,
1613 503 1743 546 Svrus

228 567 271 609 in
317 568 499 610 Terentii
547 570 772 624 Adelphis,
816 572 968 625 quibus
1015 574 1352 615 adnumenndus
1400 580 1461 615 cst
1505 574 1743 625 manipulus

223 640 370 693 furum
403 641 672 703 iiirssiiniiclio
705 647 756 691 (ν.
785 645 892 694 776).
943 645 1315 709 At‹11103m—,1zipr,0;
1347 660 1417 687 eos
1439 647 1742 701 intellegendos

228 717 338 768 puto,
370 713 443 768 qui
474 714 670 755 delicatos
702 720 826 770 atque
858 719 1089 770 exquisitos
1120 718 1234 759 cibos
1265 718 1528 772 apparabant,
1564 718 1674 772 quod
1706 718 1740 758 si

227 789 388 827 rectum
420 790 503 838 est,
546 800 625 827 nou
660 790 1110 849 potueruntromulum,
1153 791 1233 831 nisi
1275 796 1345 831 aut
1389 791 1555 844 nuptiae
1587 790 1742 831 fiebant

228 861 274 900 ut
312 859 355 899 in
397 857 547 916 Casina
593 865 633 901 ct
674 861 893 902 Aulularia
944 868 1014 902 ant
1057 863 1150 917 quis
1193 863 1407 916 opulentas
1456 862 1598 916 epulas
1645 875 1741 903 cum

227 931 362 972 amica
319 911 632 974 &instruebat
677 938 721 973 ut
770 934 810 973 in
852 933 1078 993 ΜςιοῑιῐοιῈ
1121 940 1162 993 et
1201 934 1504 995 Menaechmis,
1549 934 1742 975 similiter

226 1017 293 1046 res
322 1017 367 1046 se
397 1004 522 1046 habet
553 1005 604 1046 dc
636 1005 855 1046 Pseudolo.
918 1006 1135 1068 Caiiouem
1177 1008 1217 1048 in
1255 1007 1385 1062 §lilite
1428 1019 1607 1060 coquum
1649 1018 1739 1047 esse

227 1089 309 1118 non
341 1077 513 1119 docetur
553 1079 632 1119 nisi
667 1079 791 1119 unius
822 1092 995 1121 scaenae
1027 1065 1395 1134 superscriptione
1440 1078 1580 1132 procul
1612 1078 1739 1119 dubio

226 1148 413 1212 Qmss
445 1153 507 1190 est
539 1154 581 1190 ut
604 1149 797 1202 Cy,amus
829 1163 903 1192 nec
936 1153 1069 1203 magis
1091 1151 1339 1192 Phaedromi
1364 1163 1544 1204 coquum
1576 1151 1618 1191 in
1636 1149 1739 1191 Cur-

225 1220 392 1262 culione
412 1218 512 1282 uois(
577 1237 617 1260 ον
659 1234 748 1262 esse
791 1234 885 1262 cum
927 1222 1156 1264 Ribbeckio
1190 1222 1320 1273 (Rom.
1351 1221 1485 1262 Dicht.
1518 1221 1536 1261 I
1568 1233 1606 1273 p.
1641 1221 1737 1273 125)

224 1281 328 1334 inihi
372 1294 670 1348 persuaserim
714 1295 813 1348 quia
859 1295 929 1335 ille
970 1308 1068 1335 sane
1112 1295 1236 1336 stulte
1267 1295 1452 1345 fecisset,
1493 1295 1527 1333 si
1568 1293 1738 1347 parasiti

223 1379 349 1407 causa
388 1366 596 1408 cotidiana
637 1367 832 1407 convivia
876 1367 1143 1419 instituisset,
1187 1365 1450 1407 Curculionis
1504 1378 1600 1406 vero
1654 1378 1736 1406 non

222 1439 348 1480 refert
389 1438 566 1480 delicate
607 1451 720 1492 esse,
761 1439 861 1480 dum
903 1439 1090 1480 multum.
1165 1422 1332 1480 Ceteros
1371 1438 1553 1492 [lenique
1593 1449 1736 1479 omnes

223 1509 435 1576 aggonem&
460 1511 669 1574 vocandos
700 1524 790 1553 esse
812 1512 1074 1552 manifestum
1109 1515 1180 1553 est.
1225 1511 1286 1552 Eo
1317 1511 1449 1564 igitur
1470 1510 1736 1564 pervenimus

222 1582 540 1637 disquisitionis
572 1587 616 1624 ut
648 1581 810 1622 &whom
844 1598 921 1637 urz-,¹
927 1607 956 1622 2
928 1583 1005 1636 “9'‘
1011 1599 1050 1628 23
1083 1585 1126 1623 in
1159 1582 1321 1623 duabus
1346 1581 1552 1647 Plautinis
1582 1581 1734 1623 fabulis

219 1656 358 1697 inesse
388 1639 711 1710 cognoscamus,
748 1656 1031 1697 Menaechmis
1072 1660 1113 1697 et
1143 1655 1374 1696 Aululalia.
1423 1645 1567 1708 Atqui
1608 1653 1733 1695 huius

221 1719 437 1782 exemplar
476 1741 557 1769 non
591 1728 826 1784 Posidippi,
870 1729 943 1771 sed
991 1736 1035 1770 ut
1076 1728 1184 1769 infra
1222 1714 1572 1768 demonstrabitur
1602 1726 1732 1767 multo

220 1803 317 1842 ante
349 1812 444 1841 eum
476 1782 862 1856 compoffifumest.
924 1800 1039 1850 Quae
1071 1813 1164 1841 cum
1205 1800 1262 1840 ita
1293 1800 1395 1850 sint,
1435 1798 1585 1839 licetne
1627 1797 1732 1838 illud

219 1873 426 1914 Athenaei
460 1874 604 1927 utique
635 1873 900 1928 improbare?
960 1873 1187 1926 Tamquam
1219 1884 1335 1922 eum,
1367 1871 1441 1922 qui
1473 1870 1732 1924 octingentas

217 1947 304 1988 fere
334 1958 379 1987 se
409 1945 645 1987 comoedias
675 1946 829 2000 legisse
861 1945 1081 2000 praedicet,
1113 1957 1221 1984 unus
1252 1943 1323 1984 ille
1355 1943 1489 1994 locus,
1532 1955 1612 1996 quo
1644 1942 1731 1983 solo

220 2017 500 2072 Congrionem
551 2020 592 2058 et
631 2017 882 2058 Anthracem
926 2029 1066 2057 servos
1119 2027 1209 2056 esse
1248 2015 1495 2069 perspicitur
1531 2015 1585 2057 (v.
1618 2013 1732 2067 310),

220 2102 300 2131 non
346 2089 468 2131 facile
511 2089 734 2144 praeterire
773 2089 964 2143 potuerit.
1027 2087 1099 2128 Sin
1139 2092 1276 2128 autem
1319 2086 1572 2127 comicorum
1612 2097 1731 2140 grae-

217 2174 360 2204 corum
391 2162 625 2216 fragmenta
655 2160 919 2215 inspicimus,
960 2163 1162 2214 quantum
1193 2159 1363 2213 quidem
1403 2171 1455 2199 ex
1497 2158 1558 2199 eis
1589 2157 1730 2212 colligi

216 2238 372 2290 potest,
411 2233 618 2275 Athenaei
650 2233 807 2275 dictum
839 2232 1073 2274 confirmari
1107 2231 1291 2283 videtui,
1334 2243 1417 2272 una
1448 2231 1489 2271 in
1521 2229 1730 2272 Thesauro

217 2306 440 2349 Archedici
487 2318 657 2347 servum
704 2304 781 2359 ιιάγ
786 2319 887 2359 :epm
931 2302 1363 2369 deprehendimus**).
1436 2301 1555 2351 Quod
1599 2302 1730 2357 igitur

334 2401 369 2447 *)
392 2401 446 2436 De
471 2401 539 2436 hac
565 2411 604 2435 re
622 2399 783 2435 dubitari
807 2400 864 2434 vix
884 2403 1015 2444 potest,
1042 2397 1218 2441 siquidem
1233 2398 1426 2432 Palinurus
1452 2407 1494 2431 eo
1513 2397 1732 2432 somniorum

215 2463 420 2498 coniectore
456 2461 510 2497 uti
546 2462 658 2505 solet,
697 2472 831 2505 coquos
858 2465 977 2496 autem
1003 2469 1145 2504 semper
1178 2459 1223 2494 ab
1257 2470 1327 2494 uno
1355 2458 1550 2502 eodemque
1577 2458 1727 2494 conduci

214 2525 252 2561 in
277 2523 463 2560 comoedia
488 2523 690 2558 inauditum
716 2527 781 2558 est.

330 2585 386 2631 **)
413 2584 466 2620 Cf.
495 2585 688 2620 Frantzius
715 2584 758 2620 de
784 2595 870 2619 com.
900 2588 963 2618 att.
992 2582 1152 2627 prologis
1178 2582 1278 2628 (diss.
1306 2585 1453 2626 Argent.
1486 2582 1589 2626 1891)
1617 2592 1651 2627 p
1670 2583 1726 2626 66,

213 2647 276 2693 qui
301 2646 398 2692 quod
423 2646 603 2682 Athenaei
636 2646 680 2682 de
706 2646 819 2682 servis
846 2643 969 2689 coquis
1002 2640 1114 2688 apud
1122 2640 1360 2688 Posidippum
1387 2653 1494 2677 unum
1521 2643 1728 2687 apparenti-

211 2710 279 2745 bus
304 2708 472 2744 notitiam
495 2707 645 2743 fluxisse
671 2708 802 2742 conicit
829 2718 871 2742 ex
899 2706 1048 2751 p1010g0
1075 2705 1356 2749 Apocleomenes
1378 2704 1629 2748 l'osidippcae,
1655 2715 1726 2739 non

217 2770 380 2816 respexit
413 2769 511 2804 illius
544 2770 734 2814 scriptoris
762 2767 1055 2804 consuetudinem
1083 2766 1201 2802 omnia
1227 2777 1319 2810 quae
1345 2777 1387 2801 ex
1415 2766 1531 2810 poetis
1566 2766 1729 2801 hauserit
1763 2812 1767 2821 A

212 2842 336 2868 eorum
361 2831 524 2876 ipsorum
548 2831 711 2866 versibus
738 2829 1017 2875 comprobantis
1068 2828 1189 2863 Verba
1223 2838 1334 2873 supra
1360 2828 1543 2874 exscripta
1569 2828 1725 2864 clamant

211 2894 438 2932 Athenaeum
463 2891 666 2928 doctrinam
690 2893 789 2928 illam
816 2902 901 2927 suae
929 2889 1172 2926 observationi
1196 2889 1337 2943 debere.

1850 1689 1891 1708 ..Ι
1853 1651 1888 1674 Τ

1880 2855 1899 2862 q
