1988 3273
947 200 999 242 47

215 328 347 359 unum
397 315 682 358 testimonium
729 314 959 356 certissime
1014 316 1064 356 ad
1115 329 1150 357 a.
1183 316 1264 356 306
1308 315 1567 358 referendum
1612 327 1727 357 esse:

213 387 316 441 quid
348 387 511 429 multu?
545 400 623 441 ego
655 387 850 439 equidem
884 399 964 427 non
999 388 1154 440 dubito,
1185 388 1285 438 quin
1320 387 1610 428 Ainbraciotae
1642 391 1728 428 tuni

213 473 238 502 a
268 459 499 502 Cassandro
531 459 759 501 defecerint
805 463 928 513 atque
970 464 1009 500 et
1053 460 1130 515 ipsi
1165 460 1345 501 Athenas
1388 460 1436 501 ud
1471 459 1729 501 Demetrium

213 532 375 588 legatos
408 532 608 573 miserint.

325 605 505 660 Tempus
535 603 699 645 fabulae
731 607 841 645 recte
873 604 1137 646 enucleatum
1178 616 1267 645 esse
1308 605 1413 645 alius
1444 603 1574 645 Stichi
1617 605 1730 646 locus

213 679 368 733 optime
408 678 511 719 mihi
544 677 710 718 videtur
741 677 1020 732 comprobare.
1082 677 1300 718 Pinacium
1345 690 1489 719 servus
1521 677 1730 731 Panegyri

213 750 394 792 reditum
427 751 565 791 mariti
608 750 878 791 nuntiaturus
912 750 979 791 ubi
1013 750 1063 792 ad
1096 750 1264 792 domum
1297 750 1387 793 cius
1417 749 1618 804 substitit,
1658 763 1730 792 ex-

216 823 368 866 clamat
400 836 434 865 v.
467 823 573 865 290:

387 893 470 937 Sed
501 894 665 935 tandem
698 893 847 946 opinor
879 895 1065 947 aequiust
1095 908 1210 937 eram
1251 894 1353 935 milei
1394 908 1478 936 esse
1507 895 1731 948 supplicem

389 966 526 1021 Atque
555 970 740 1008 oratores
770 967 930 1008 mittere
959 968 1013 1009 ad
1044 981 1105 1009 me
1129 967 1317 1021 donaque
1347 981 1396 1008 ex
1426 980 1530 1009 auro
1562 971 1598 1008 ct
1630 981 1731 1021 qua-

1517 1040 1673 1093 drigyas,

216 1114 367 1155 v.293:
392 1112 464 1155 Ad
494 1126 555 1154 me
585 1112 702 1154 adiri
734 1116 770 1154 et
800 1112 1034 1165 supplicari
1064 1113 1122 1154 mi
1152 1116 1303 1167 eyomct
1333 1126 1498 1165 aequom
1530 1125 1683 1154 censeo.

213 1185 364 1229 Nonne
395 1186 460 1228 his
492 1185 632 1228 verbis
663 1186 882 1228 manifeste
914 1186 1126 1228 adluditur
1156 1185 1207 1228 ad
1240 1185 1510 1240 magnificum
1533 1184 1729 1226 Demetrii

213 1259 471 1302 Poliorcetae
518 1259 702 1301 Athenas
747 1259 989 1300 introitum?
1066 1258 1190 1300 Hunc
1241 1271 1407 1311 quoque
1453 1258 1731 1299 Athenienses

215 1331 448 1374 oratoribus
494 1331 545 1373 ad
578 1335 741 1386 portum
781 1332 920 1372 missis
953 1332 1220 1373 vehementer
1262 1330 1578 1372 obsecraveraut
1607 1334 1732 1382 atque

214 1405 259 1446 in
291 1404 438 1446 urbem
479 1416 599 1446 suam
629 1405 931 1446 arcessiveraut
973 1404 1094 1456 (Plut.
1127 1403 1307 1445 Denietr.
1340 1404 1385 1444 9:
1428 1402 1607 1458 πρέσβεις
1641 1403 1731 1442 δεο-

217 1476 356 1533 μένους
388 1476 632 1528 ἀπέστειλον,
667 1479 743 1519 10:
776 1480 854 1517 τῶν
877 1474 1110 1531 Ἀθηναίων
1143 1475 1368 1531 δεχομένων
1400 1474 1462 1516 καὶ
1494 1474 1731 1527 καλούντων)

214 1563 292 1593 nec
331 1563 414 1592 non
457 1554 503 1592 ut
534 1550 752 1606 quadrigis
783 1550 1057 1592 adveheretur
1087 1554 1335 1592 curaverant
1366 1549 1489 1600 (Plnt.
1521 1549 1546 1590 l.
1578 1549 1601 1589 l.
1634 1548 1730 1588 ὅπου

215 1625 369 1679 πρῶτον
406 1621 535 1678 ἀπέβη
585 1625 653 1663 τοῦ
697 1622 870 1677 ἅρματος
1077 1620 1211 1678 βωμὸν
1257 1620 1455 1667 ἐπιθέντες
1503 1620 1730 1675 Δημητρίου

219 1692 475 1751 Καταιβάτου
508 1694 858 1750 προσηγόρευσαν).
919 1695 1035 1737 Haec
1066 1699 1147 1737 tam
1181 1697 1370 1736 accurate
1414 1695 1522 1735 inter
1560 1707 1603 1735 se
1635 1706 1730 1734 con-

214 1772 386 1824 gruunt,
419 1771 464 1810 ut
493 1771 792 1823 spectatorum,
832 1769 905 1823 qui
938 1769 1079 1823 paucis
1111 1767 1326 1809 mensibus
1356 1771 1446 1821 post
1476 1767 1581 1807 hanc
1612 1765 1730 1807 fabu-

215 1842 299 1885 lam
330 1841 553 1891 videbamt,
597 1841 759 1883 nemini
790 1842 982 1896 ignotum
1027 1854 1140 1893 esse,
1183 1853 1265 1895 quo
1308 1843 1540 1894 spectarent
1570 1838 1731 1880 Pinacii

215 1913 355 1968 verba,
387 1913 634 1966 neminique
663 1914 795 1955 risum
829 1927 878 1955 ea
905 1926 985 1954 non
1018 1925 1186 1955 movere
1216 1914 1439 1968 potuerint.

213 1986 380 2030 Deinde
411 1986 710 2041 disputandum
742 1990 805 2028 est
835 1986 886 2029 de

216 2089 704 2154 Menaechmis»,

215 2198 338 2241 cuius
382 2197 598 2252 exemplar
643 2210 725 2252 quo
769 2199 954 2251 tempore
985 2196 1163 2238 Athenis
1203 2196 1370 2238 doctum
1407 2196 1462 2237 sit
1502 2209 1550 2237 eo
1591 2196 1731 2237 minus

216 2274 376 2314 certum
407 2270 596 2323 habetur,
627 2269 738 2325 quod
771 2282 824 2311 ex
856 2272 1102 2324 argumento
1133 2268 1298 2310 fabulae
1337 2269 1426 2323 ipso
1469 2269 1574 2309 nihil
1606 2268 1730 2309 disci-

215 2357 322 2399 mus,
352 2344 524 2386 unicum
558 2355 654 2385 vero
686 2343 971 2384 testimonium
1003 2342 1053 2384 ad
1077 2341 1288 2383 historiam
1316 2344 1506 2395 spectans
1526 2340 1730 2382 Plautone

216 2430 268 2460 an
300 2429 451 2472 graeco
482 2419 628 2472 poetae
660 2415 930 2458 tribuendum
960 2416 1014 2456 sit
1045 2415 1229 2456 virorum
1255 2414 1469 2455 doctorum
1500 2414 1729 2455 sententiae

216 2490 388 2532 variant.
450 2489 604 2544 Agitur
634 2489 685 2530 de
719 2502 775 2530 vs.
807 2489 891 2530 408
922 2500 1032 2542 sqq.:

386 2559 483 2603 Non
513 2573 584 2614 eyo
605 2563 644 2602 te
663 2560 762 2602 novi
779 2559 1107 2612 Menaechmum,
1139 2557 1311 2601 Moscho
1329 2560 1580 2610 proynatum
1592 2560 1729 2610 patre,

390 2633 472 2686 Qui
503 2632 727 2688 Syracusis
750 2632 970 2686 perhibere
1001 2634 1126 2672 natus
1155 2644 1241 2672 esse
1270 2631 1314 2671 in
1345 2629 1506 2682 Sicilia,

395 2704 477 2748 Uin·
507 2719 582 2747 rex
611 2705 862 2759 Ayutlzocles
892 2706 1087 2758 rcfflzator
1114 2703 1211 2756 suit,
1242 2705 1278 2744 ct
1308 2702 1455 2743 iterum
1489 2699 1650 2750 Pintia,

395 2777 582 2820 Tertium
604 2777 774 2831 Liparo,
807 2778 877 2833 qui
908 2778 953 2819 in
985 2778 1112 2818 morte
1141 2787 1312 2829 requam
1335 2772 1512 2816 Hieroni
1542 2772 1730 2825 tradidit,

388 2848 518 2891 Nunc
550 2849 758 2892 Hierost?

217 2921 480 2978 Quamquam
513 2923 625 2966 enim
657 2923 771 2966 hunc
800 2923 937 2966 locum
970 2920 1158 2977 plerique
1177 2920 1439 2963 noviciorum
1457 2917 1731 2974 interpretum
