1988 3273
963 207 1017 246 45

235 323 274 364 ei
305 322 464 364 reditus
494 325 632 376 posset
661 320 882 362 intercludi
897 321 943 371 *).
1006 323 1091 363 Iam
1123 324 1264 363 autem
1305 321 1402 362 inde
1443 322 1494 363 ab
1533 322 1609 364 hoc
1639 336 1747 364 anno

236 407 369 449 usque
409 394 460 435 ad
493 407 528 434 a.
563 395 646 434 295
691 393 795 434 nihil
827 394 982 434 scimus
1023 395 1073 436 ‹le
1105 394 1442 448 expeditionibus
1475 394 1747 437 Macedonum

235 466 278 507 in
309 465 484 520 Epirum
516 465 733 514 factis**):
782 478 909 519 quare
943 467 1027 506 veri
1071 466 1331 507 simillimum
1379 470 1440 507 est
1483 467 1747 509 Ambraciam

233 542 307 581 aut
335 552 369 580 a.
393 539 476 579 312
499 542 570 579 aut
592 541 713 579 antea
735 550 865 591 regno
885 537 1159 580 Macedonum
1181 539 1419 580 adiunctam
1445 552 1546 580 esse.
1594 540 1749 589 Quodsi

233 611 448 666 Adelphos
488 611 526 651 ei
559 610 733 665 tempori
765 610 1013 659 tribuimus,
1054 624 1134 666 quo
1168 611 1454 652 Ambraciotac
1496 625 1626 666 usque
1664 614 1750 653 suis

234 682 401 738 legibus
434 682 669 735 utebantur,
715 683 823 723 inter
854 683 1007 737 primas
1039 683 1257 725 Menandri
1288 683 1447 724 fabulas
1480 696 1568 725 eam
1602 686 1748 726 factam

233 767 324 797 esse
368 755 579 809 sequitui-3
623 758 747 808 atque
793 754 835 795 id
880 755 1048 808 quidem
1094 755 1288 796 univeisa
1336 755 1425 796 eius
1468 757 1658 797 condicio
1711 762 1751 798 et

233 831 528 884 argumentum
556 840 637 868 non
660 827 717 868 ita
738 826 958 868 artificiose
989 832 1029 869 et
1051 827 1260 870 subtiliter
1280 829 1562 882 excogitatum
1587 830 1751 872 videtur

233 899 537 943 commendare.

347 972 430 1015 Sed
460 975 559 1014 sunt
590 985 696 1028 quae
729 972 903 1015 obstent.
964 973 1070 1014 Nam
1101 973 1185 1015 illis
1216 974 1320 1026 ipsis
1353 974 1607 1028 temporibus
1630 975 1749 1017 Anti-

234 1058 372 1101 gonus
402 1059 498 1087 cum
530 1044 719 1087 Asandro
751 1047 878 1088 Asiae
911 1046 1079 1087 domino
1116 1046 1273 1088 bellum
1315 1046 1486 1101 gerebat
1517 1047 1750 1102 classesque

232 1131 330 1160 suas
361 1118 584 1173 quotannis
622 1131 695 1173 per
733 1131 846 1160 mare
879 1118 1095 1172 Aegaeum
1136 1119 1176 1159 in
1215 1117 1433 1159 Graeciam
1477 1120 1587 1159 misit
1627 1124 1750 1174 atque

232 1203 267 1232 a.
288 1191 373 1232 314
394 1191 719 1232 Atheniensium
753 1204 919 1245 quoque
948 1191 1098 1245 viginti
1130 1203 1257 1232 naves
1279 1189 1482 1232 Lemnum
1515 1191 1751 1233 obsidentes

233 1265 344 1320 cepit
383 1263 518 1316 (Diod.
549 1263 661 1305 XIX
692 1264 773 1315 68).
840 1262 1101 1318 Quamquam
1144 1267 1283 1305 autem
1324 1264 1436 1305 cives
1473 1264 1750 1306 Athenienses

233 1337 359 1379 etiam
389 1340 479 1378 tum
509 1336 687 1378 subinde
718 1348 832 1377 mare
863 1339 1117 1376 transvectos
1159 1338 1200 1377 et
1239 1335 1289 1376 ab
1325 1336 1541 1390 Agathone
1575 1337 1748 1377 Asandri

230 1410 358 1452 fratre
401 1412 597 1464 exceptos
648 1421 738 1450 esse
787 1408 934 1450 titulus
979 1409 1127 1450 atticus
1177 1408 1296 1449 docet
1341 1407 1397 1459 (C.
1429 1408 1458 1449 Ι.
1494 1408 1752 1463 A.11238)‚

233 1485 371 1524 tamen
419 1481 470 1524 de
510 1480 832 1534 mercatoribus,
879 1481 951 1535 qui
994 1481 1220 1522 triennium
1262 1482 1303 1522 in
1340 1481 1437 1522 Asia
1478 1482 1627 1522 versati
1669 1482 1753 1523 sint

232 1554 469 1609 ingensque
499 1553 663 1595 lucrum
684 1553 869 1605 fecerint,
899 1556 1011 1594 tanto
1040 1552 1178 1594 minus
1207 1552 1329 1593 facile
1349 1554 1610 1607 cogitaveris,
1641 1554 1751 1607 quod

234 1626 336 1668 haec
378 1629 487 1668 terra
527 1626 741 1680 perpetuis
771 1625 1056 1667 Ptolemaeum
1100 1625 1209 1666 inter
1248 1628 1289 1666 et
1319 1625 1557 1666 Asandrum
1596 1627 1750 1680 pugnis

233 1699 336 1741 adeo
367 1698 516 1740 acerbe
539 1702 689 1740 vexata
719 1701 791 1751 est,
825 1697 1005 1739 utnulla
1035 1696 1120 1739 fere
1151 1698 1242 1739 eius
1264 1698 1381 1752 regio
1413 1710 1484 1752 per
1515 1701 1595 1739 tres
1621 1711 1750 1739 annos

233 1784 316 1814 non
347 1774 456 1813 tacta
494 1784 585 1813 esse
617 1771 817 1813 videatur.
877 1769 998 1812 Pacis
1039 1773 1223 1825 tempora
1263 1773 1346 1812 tota
1378 1770 1536 1812 Pinacii
1571 1773 1750 1813 narratio

233 1844 306 1897 (vs.
339 1845 422 1885 375
442 1844 545 1898 sqq.)
578 1846 778 1885 monstrat
809 1846 850 1885 et
879 1843 1020 1885 nescio
1054 1843 1261 1897 quomodo
1294 1843 1518 1897 Epignomi
1551 1843 1675 1885 verba
1705 1844 1749 1884 in

231 1929 292 1959 vs.
324 1917 409 1958 402
441 1929 543 1971 sqq„
574 1917 647 1971 qui
679 1916 790 1970 quod
822 1916 961 1957 salvus
993 1916 1161 1957 domum
1192 1916 1383 1968 revertit,
1428 1915 1526 1956 solis
1556 1915 1749 1970 Neptuno

233 1993 275 2031 et
312 1989 628 2044 tempestatibus
669 1990 827 2044 gratias
868 1989 966 2044 agit.
1029 1988 1148 2030 Ultra
1189 2001 1222 2028 a.
1256 1989 1337 2029 317
1389 2000 1486 2029 vcro
1528 1989 1749 2042 procedere

233 2073 356 2103 nemo
386 2060 575 2115 audebit,
619 2061 692 2116 qui
722 2060 1000 2103 Menandrum
1041 2061 1083 2100 in
1127 2060 1271 2115 primis
1309 2060 1462 2101 fabulis
1493 2061 1654 2102 mediae
1683 2074 1749 2102 co-

233 2133 423 2175 moediae
462 2135 687 2187 rationem,
732 2134 842 2188 quod
886 2134 1055 2188 quidem
1095 2132 1276 2188 pertinet
1316 2133 1368 2174 ad
1412 2134 1750 2188 perstringendos

232 2209 366 2250 certos
395 2207 598 2258 homines⁷
631 2207 804 2248 minime
835 2209 1099 2262 aspernatum
1131 2218 1221 2248 esse
1253 2206 1602 2247 animadverterit.

347 2278 562 2334 Denique,
602 2279 646 2321 id
692 2279 804 2335 quod
847 2279 1001 2321 summi
1045 2279 1245 2320 momenti
1291 2291 1381 2320 esse
1425 2278 1527 2319 mihi
1575 2278 1750 2332 videtur,

233 2352 498 2395 attendamus
529 2365 566 2394 v.
598 2353 704 2393 287:

347 2423 396 2469 Si
425 2437 501 2468 rex
531 2423 709 2466 obstabit
738 2423 908 2476 obviam,
941 2436 1075 2477 reyem
1105 2421 1241 2474 ipsum
1264 2421 1392 2474 prius
1418 2422 1656 2474 perrortito.

350 2576 384 2623 *)
409 2576 488 2612 Hoc
525 2576 667 2613 demum
703 2588 801 2613 anno·
821 2576 1110 2622 Amphilochiam
1141 2579 1178 2611 et
1208 2575 1437 2611 Ambraciam
1469 2575 1637 2610 subactas
1670 2585 1749 2610 esse

231 2636 392 2673 forta-sse
415 2637 499 2674 inde
526 2639 740 2674 concludere
766 2639 863 2682 licet,
891 2637 987 2682 quod
1012 2648 1042 2672 a.
1071 2639 1139 2672 314
1163 2637 1366 2673 Cassander
1393 2648 1470 2671 cum
1497 2636 1644 2672 foedere
1670 2648 1749 2672 cum

231 2698 484 2733 Acarnanibus
510 2703 618 2743 pacto
646 2699 778 2734 bellum
803 2698 957 2734 inferret
982 2697 1133 2740 Aetolis,
1168 2708 1239 2732 non
1267 2708 1332 2742 per
1357 2697 1644 2741 Ampliilocbiam
1670 2707 1752 2741 pro-

232 2757 352 2793 fectus
378 2769 458 2794 cum
485 2760 593 2794 sociis
621 2770 660 2795 se
687 2760 885 2802 coniunxit,
914 2769 1034 2793 verum
1061 2768 1104 2792 cx
1131 2757 1322 2793 Thessalia
1347 2759 1383 2792 in
1402 2758 1581 2792 Aetoliam
1607 2757 1749 2801 irrupit.

232 2819 312 2865 Qua
328 2821 386 2856 via
402 2820 522 2857 frater
539 2822 616 2857 eius
631 2821 821 2866 Philippus
840 2831 870 2855 a.
887 2822 953 2854 313
972 2819 1007 2853 in
1026 2819 1268 2853 Acarnaniam
1288 2817 1503 2863 pervenerit,
1530 2817 1746 2860 ignoramus.

352 2881 407 2928 **)
433 2882 533 2918 Unus
548 2883 749 2918 Pausanias
777 2882 969 2918 memoriae
995 2877 1156 2924 prodidit
1182 2879 1214 2924 (Ι
1235 2880 1338 2924 11,5)
1366 2877 1607 2913 Cassandrum
1634 2887 1663 2911 a.
1680 2878 1748 2910 302

234 2934 414 2992 Pyrrhum
439 2954 464 2986 e„
483 2954 596 2990 regno
622 2944 816 2991 expulisse.
867 2943 985 2980 Aliter
1010 2940 1227 2978 Plutarchus
1253 2941 1380 2988 Pyrrh.
1406 2942 1438 2976 4.
