1988 3273
967 195 1010 217 ...t

228 297 362 339 altero
382 306 529 338 servus
550 295 653 336 eius.
699 294 905 335 Neutrum
939 293 1064 333 altero
1088 297 1354 348 praeparatur
1387 293 1448 332 vel
1473 294 1750 336 continuatur,

227 368 332 422 quin
365 366 491 408 etiam
523 366 713 407 diversae
746 378 943 420 personae
975 366 1033 405 eis
1069 363 1331 406 adhibentur.
1364 364 1487 404 veluti
1523 364 1749 405 Pleusicles

228 440 273 481 in
315 443 409 481 actu
441 439 628 480 seeundo
663 439 796 479 locum
843 438 1003 478 nullum
1037 437 1220 488 liabet*).
1283 436 1343 495 ῥά
1378 436 1626 489 Alazonem,
1667 450 1747 491 qua

230 523 282 554 ex
306 510 484 553 Militem
513 510 749 552 Gloriosum
775 510 1012 552 translatam
1046 522 1135 551 esse
1158 509 1354 564 prologus
1383 508 1512 559 docet,
1546 509 1747 562 pertinent

228 585 362 640 prima
383 584 624 636 scaena**),
654 588 770 645 aetus
793 588 975 638 quartus
1007 573 1331 637 quintus,'tortii
1365 594 1469 634 pars,
1499 580 1547 620 ad
1577 581 1745 640 alteram
1789 576 1791 579 ’

226 656 239 698 i
275 661 416 698 notam
437 656 618 717 fabulam
643 660 759 697 aetus
781 655 1014 698 secundus:
1059 646 1217 708 reliqua
1240 652 1347 693 tertii
1379 666 1471 706 pars
1501 653 1550 693 ad
1575 636 1747 694 eoniun-

225 728 386 785 gendas
421 713 523 770 illas
562 712 672 770 i'·acti
714 733 785 770 est.
847 728 962 776 Quae
1004 727 1198 781 prologus
1242 725 1292 766 de
1336 724 1508 765 1ιιι1110115
1549 725 1747 766 adxeisus
1785 720 1790 730 ¹

225 814 393 844 servum
425 802 640 843 instructis
673 804 822 848 narrat
853 800 904 841 ad
937 805 1073 840 aetum
1103 798 1333 840 secundum
1367 801 1570 852 spectant
1613 810 1746 852 neque

226 885 325 925 vero
357 874 469 928 prior
511 874 603 915 eius
636 886 730 928 pars
761 873 928 927 seiungi
962 876 1093 927 potest
1132 853 1183 912 {di
1217 871 1423 929 Alazone,
1465 882 1644 924 namque
1676 883 1748 910 ex-

225 946 465 1002 ponendum
497 947 598 999 fuit,
647 947 719 1000 qui
752 946 903 987 factum
947 946 1021 990 sit
1064 948 1118 986 ut
1137 933 1489 985 Philocomasium
1522 942 1747 982 Palaestrio

225 1017 457 1060 Pleusicles
479 1017 691 1080 Ephesum
727 1018 928 1059 veneiint.
975 1017 1040 1057 Ad
1070 1016 1295 1083 Alazonem
1329 1015 1459 1068 igitur
1489 1013 1606 1065 iedit,
1637 1013 1746 1067 quod

228 1090 588 1145 Pyrgopolynices
623 1103 702 1163 pro
746 1089 919 1131 Seleuco
972 1102 1072 1143 iege
1114 1088 1294 1129 latrones
1337 1086 1644 1140 eonseiiptiuus
1676 1092 1747 1134 est

223 1163 579 1206 Philocomasium
623 1148 684 1204 ab
717 1163 788 1203 illo
827 1162 1004 1203 Athenis
1038 1147 1249 1216 Ephesum
1286 1159 1463 1200 abducta
1499 1163 1580 1210 est:⁷
1624 1158 1745 1217 Pleu·

224 1236 348 1279 sicles
380 1248 558 1290 magnae
589 1237 649 1277 rei
682 1235 873 1290 publicae
906 1248 1029 1275 eausa
1062 1233 1322 1297 Nfflipaetum
1355 1231 1478 1284 abiit,
1518 1191 1744 1290 Palaestrio
1770 1272 1771 1276 ,

227 1322 254 1352 a
282 1308 562 1364 praedonibus
593 1312 736 1363 captus
767 1312 809 1349 et.
838 1307 960 1349 militi
993 1307 1100 1348 dono
1131 1306 1252 1347 datus
1283 1305 1453 1356 est***).

347 1482 382 1527 ²⁵²)
408 1482 462 1517 De
489 1482 585 1516 vitiis
620 1481 727 1516 huius
758 1479 906 1515 fabulae
943 1479 988 1514 cf.
1016 1478 1214 1514 Lorenzius
1251 1477 1286 1512 in
1314 1475 1542 1521 praefatione
1569 1475 1748 1519 editionis,
1779 1498 1784 1512 t

227 1545 289 1590 qui
314 1548 355 1579 ut
381 1544 554 1579 nonnulla
580 1544 686 1578 nimis
713 1544 847 1588 pressit
873 1543 926 1577 ita
951 1543 986 1576 in
1014 1543 1217 1576 universum
1243 1544 1342 1575 recte
1368 1539 1606 1574 ratiocinatus
1633 1543 1698 1574 est.

346 1606 400 1652 **)
428 1606 496 1650 Qui
525 1607 617 1640 hane
644 1616 687 1641 ex
714 1605 787 1640 alia
813 1604 939 1639 fabula
957 1608 1134 1648 sumptam
1161 1606 1271 1646 atque
1297 1612 1318 1636 a
1335 1602 1464 1636 Plauto
1491 1601 1620 1635 ceteris
1646 1611 1747 1644 prae-

226 1669 374 1706 missam
409 1679 488 1704 esse
525 1669 665 1713 opinati
696 1672 796 1710 sunt,
835 1667 947 1702 veluti
981 1666 1179 1701 Lorenzius
1212 1665 1233 1699 1.
1261 1665 1283 1699 l.
1312 1676 1344 1708 p.
1372 1666 1431 1707 32,
1467 1663 1593 1698 vellem
1628 1673 1746 1697 serum

224 1736 460 1777 reputassent
474 1730 603 1766 Militis
632 1730 834 1774 exemplum
853 1728 1007 1769 ’Λλαζών
1034 1727 1246 1772 inscriptum
1272 1725 1396 1760 fuisse.
1437 1725 1634 1759 (ellos-atio
1662 1734 1744 1758 vero

223 1793 331 1830 huius
357 1803 510 1828 scaenae
537 1791 726 1827 offensioni
753 1802 831 1826 esse
859 1803 930 1825 non
957 1790 1090 1832 debuit,
1116 1799 1199 1824 nam
1225 1787 1349 1832 quidni
1385 1792 1493 1832 poeta
1520 1786 1744 1820 ‹fistellariae

225 1855 428 1900 exemplum
453 1852 726 1897 Menandremu',
760 1853 946 1898 Euripidis
976 1851 1199 1896 Iphigeniam
1222 1849 1463 1891 Aulidensem‚
1491 1848 1744 1893 Aristophanis

222 1916 376 1962 Equites
403 1919 550 1951 secutus
577 1926 657 1951 esse
685 1919 807 1960 potest
834 1914 1061 1949 existimari?

345 1977 420 2023 ***)
448 1977 489 2012 V.
517 1979 587 2012 350
622 1988 764 2021 quoque
803 1981 923 2011 utrum
964 1975 1010 2010 ad
1048 1974 1243 2010 Alazonem
1285 1973 1466 2018 pertineat
1500 1982 1610 2005 ne‹·ne
1648 1977 1744 2006 ante-

226 2049 334 2084 quam
358 2038 603 2081 emendarent,
630 2039 664 2073 ei
688 2039 759 2083 ipsi
778 2049 953 2083 quaerere
972 2037 1183 2079 debuerunt,
1211 2035 1270 2079 qui
1290 2034 1442 2081 Militem
1467 2033 1743 2067 contaminatam

225 2104 378 2148 putant3
413 2100 502 2136 satis
535 2101 741 2136 habuerunt
786 2101 981 2136 ινίεηηίιιιη
1020 2102 1176 2141 mutare,
1212 2097 1297 2141 quia
1325 2080 1478 2130 ‘nimium
1511 2101 1616 2129 esset.
1675 2094 1744 2127 ltes

225 2163 315 2200 satis
347 2161 509 2198 difficilis
545 2167 600 2198 est
634 2161 844 2197 diiudicatu.
905 2162 1037 2196 Exstat
1071 2169 1196 2194 versus
1234 2159 1269 2193 in
1306 2158 1424 2209 aliena
1461 2160 1565 2201 parte
1600 2155 1745 2190 fabulae

225 2225 411 2269 multoque
436 2224 563 2259 melius
597 2223 643 2258 ad
677 2234 757 2258 eum
783 2222 917 2258 referri
944 2221 1084 2256 xidetur
1111 2220 1413 2261 Palaestrionem,
1453 2218 1513 2262 qui
1539 2216 1675 2252 aditum
1710 2217 1745 2250 in

223 2285 481 2339 Philocfflmasii
521 2286 690 2321 conclave
727 2284 904 2341 patefmit
951 2294 1100 2327 eamque
1143 2281 1316 2317 adversus
1356 2290 1565 2314 conservum
1608 2279 1745 2320 incitat,

223 2333 332 2394 qua‘ni
357 2336 533 2391 adeum,
561 2339 683 2382 cuius
697 2346 740 2382 de
769 2346 1018 2390 frequentiori
1045 2355 1123 2379 cum
1149 2343 1298 2378 muliere
1325 2340 1583 2376 consuetudine
1612 2361 1650 2366 --
1680 2340 1745 2374 tali

223 2410 378 2456 quidem,
405 2410 523 2455 qualis
550 2421 572 2446 a
597 2409 768 2445 Sceledro
795 2409 957 2454 potuerit
984 2405 1220 2443 animadverti
1247 2426 1291 2431 —
1318 2415 1382 2439 nec
1410 2413 1458 2437 vs.
1489 2405 1552 2437 123
1577 2412 1652 2446 sqq.
1681 2412 1744 2436 nec

220 2482 273 2511 vs.
299 2473 369 2508 974
394 2482 472 2517 sqq.
500 2472 662 2517 cogitare
689 2472 821 2506 sinunt.
874 2471 1044 2505 Dolemus
1078 2478 1144 2503 nos
1177 2467 1334 2510 nescire,
1368 2466 1473 2510 quale
1508 2465 1657 2500 alterius
1693 2462 1720 2498 f
1720 2474 1745 2497 ι

219 2534 328 2570 bulae
353 2538 605 2579 argumentum
640 2533 967 2578 fuerit3f01tasse
1007 2531 1055 2565 ibi
1089 2530 1261 2565 meretrix
1297 2528 1430 2563 dudum
1467 2526 1564 2572 apud
1598 2526 1745 2561 militem

222 2578 510 2641 habit‘ffiffit
527 2593 796 2632 adulescentem
834 2596 1006 2637 minum,
1047 2603 1152 2636 quem
1189 2591 1287 2626 forte
1325 2589 1519 2634 aliquando
1558 2589 1744 2623 ambulans

215 2657 443 2703 ostenderat,
484 2668 607 2693 amare
643 2658 763 2703 coepit
798 2662 906 2701 atque
941 2666 1082 2691 servum
1115 2653 1401 2689 Palaestrionem
1438 2651 1572 2693 enuit,
1611 2654 1649 2684 ut
1676 2650 1744 2683 sibi

218 2719 361 2764 copiam
386 2718 529 2756 faceret
556 2724 756 2755 amatorem
783 2716 1018 2754 conveniendi
1046 2715 1185 2760 pariete
1212 2714 1391 2759 perfosso.
1432 2715 1483 2747 Ac
1510 2716 1584 2746 tum
1603 2710 1762 2756 quidem'

216 2781 416 2821 triennium
448 2781 605 2817 libenter
641 2781 812 2816 feramus.
872 2783 1094 2824 Quamquam
1126 2788 1182 2813 me
1215 2787 1286 2811 non
1318 2775 1412 2819 fugit
1444 2774 1601 2818 spatium
1635 2773 1743 2806 trium

218 2843 396 2881 mensium
428 2843 497 2878 hoc
528 2843 608 2878 loco
637 2843 772 2888 optime
813 2853 851 2877 se
886 2842 1038 2882 habere,
1078 2849 1160 2874 nam
1194 2839 1288 2883 „illic
1326 2838 1407 2872 licet
1444 2846 1513 2870 non
1550 2835 1629 2879 plus
1669 2841 1742 2867 tres

219 2916 359 2944 menses
386 2908 512 2942 noster
537 2905 602 2950 sit,
645 2909 765 2942 tamen
791 2905 881 2941 nulli
906 2903 967 2939 alii
1000 2890 1109 2947 quani
1140 2901 1193 2937 illi
1219 2899 1355 2936 famulo
1390 2899 1426 2934 in
1452 2895 1744 2941 nostrabnieliust
